%YAML 1.1
%TAG !u! tag:unity3d.com,2011:
--- !u!1001 &100100000
Prefab:
  m_ObjectHideFlags: 1
  serializedVersion: 2
  m_Modification:
    m_TransformParent: {fileID: 0}
    m_Modifications: []
    m_RemovedComponents: []
  m_ParentPrefab: {fileID: 0}
  m_RootGameObject: {fileID: 1714322925560356}
  m_IsPrefabParent: 1
--- !u!1 &1063197600651122
GameObject:
  m_ObjectHideFlags: 1
  m_PrefabParentObject: {fileID: 0}
  m_PrefabInternal: {fileID: 100100000}
  serializedVersion: 5
  m_Component:
  - component: {fileID: 4170380123483792}
  - component: {fileID: 212318172692674340}
  - component: {fileID: 61047059932896204}
  m_Layer: 12
  m_Name: Sprite
  m_TagString: Untagged
  m_Icon: {fileID: 0}
  m_NavMeshLayer: 0
  m_StaticEditorFlags: 0
  m_IsActive: 1
--- !u!1 &1116134190951228
GameObject:
  m_ObjectHideFlags: 1
  m_PrefabParentObject: {fileID: 0}
  m_PrefabInternal: {fileID: 100100000}
  serializedVersion: 5
  m_Component:
  - component: {fileID: 4767504203504602}
  - component: {fileID: 212209437106698422}
  m_Layer: 11
  m_Name: New Sprite
  m_TagString: Untagged
  m_Icon: {fileID: 0}
  m_NavMeshLayer: 0
  m_StaticEditorFlags: 0
  m_IsActive: 1
--- !u!1 &1178687454693364
GameObject:
  m_ObjectHideFlags: 1
  m_PrefabParentObject: {fileID: 0}
  m_PrefabInternal: {fileID: 100100000}
  serializedVersion: 5
  m_Component:
  - component: {fileID: 4960646675804596}
  - component: {fileID: 61738271721730394}
  - component: {fileID: 114877450457892748}
  - component: {fileID: 114916613186453210}
  m_Layer: 11
  m_Name: normalPlatform
  m_TagString: Untagged
  m_Icon: {fileID: 0}
  m_NavMeshLayer: 0
  m_StaticEditorFlags: 0
  m_IsActive: 1
--- !u!1 &1208782308691950
GameObject:
  m_ObjectHideFlags: 0
  m_PrefabParentObject: {fileID: 0}
  m_PrefabInternal: {fileID: 100100000}
  serializedVersion: 5
  m_Component:
  - component: {fileID: 4623304932271842}
  - component: {fileID: 114746050361270328}
  m_Layer: 12
  m_Name: Obstacle (2)
  m_TagString: Untagged
  m_Icon: {fileID: 0}
  m_NavMeshLayer: 0
  m_StaticEditorFlags: 0
  m_IsActive: 1
--- !u!1 &1357302307204150
GameObject:
  m_ObjectHideFlags: 0
  m_PrefabParentObject: {fileID: 0}
  m_PrefabInternal: {fileID: 100100000}
  serializedVersion: 5
  m_Component:
  - component: {fileID: 4896986023449990}
  - component: {fileID: 114260661844692084}
  m_Layer: 12
  m_Name: Obstacle (1)
  m_TagString: Untagged
  m_Icon: {fileID: 0}
  m_NavMeshLayer: 0
  m_StaticEditorFlags: 0
  m_IsActive: 1
--- !u!1 &1373617104733376
GameObject:
  m_ObjectHideFlags: 0
  m_PrefabParentObject: {fileID: 0}
  m_PrefabInternal: {fileID: 100100000}
  serializedVersion: 5
  m_Component:
  - component: {fileID: 4812520029981566}
  m_Layer: 11
  m_Name: Horizontal
  m_TagString: Untagged
  m_Icon: {fileID: -6488666005112524639, guid: 0000000000000000d000000000000000, type: 0}
  m_NavMeshLayer: 0
  m_StaticEditorFlags: 0
  m_IsActive: 1
--- !u!1 &1436832775001350
GameObject:
  m_ObjectHideFlags: 1
  m_PrefabParentObject: {fileID: 0}
  m_PrefabInternal: {fileID: 100100000}
  serializedVersion: 5
  m_Component:
  - component: {fileID: 4443610002990312}
  - component: {fileID: 212160246219808812}
  - component: {fileID: 61526843900237182}
  m_Layer: 12
  m_Name: Sprite
  m_TagString: Untagged
  m_Icon: {fileID: 0}
  m_NavMeshLayer: 0
  m_StaticEditorFlags: 0
  m_IsActive: 1
--- !u!1 &1490972547124386
GameObject:
  m_ObjectHideFlags: 1
  m_PrefabParentObject: {fileID: 0}
  m_PrefabInternal: {fileID: 100100000}
  serializedVersion: 5
  m_Component:
  - component: {fileID: 4697200769004936}
  - component: {fileID: 212639901265785562}
  - component: {fileID: 61656569721613440}
  m_Layer: 12
  m_Name: Sprite
  m_TagString: Untagged
  m_Icon: {fileID: 0}
  m_NavMeshLayer: 0
  m_StaticEditorFlags: 0
  m_IsActive: 1
--- !u!1 &1714322925560356
GameObject:
  m_ObjectHideFlags: 0
  m_PrefabParentObject: {fileID: 0}
  m_PrefabInternal: {fileID: 100100000}
  serializedVersion: 5
  m_Component:
  - component: {fileID: 4232990463561580}
  m_Layer: 0
  m_Name: Horizontal_With_Obstacles
  m_TagString: Untagged
  m_Icon: {fileID: 0}
  m_NavMeshLayer: 0
  m_StaticEditorFlags: 0
  m_IsActive: 1
--- !u!1 &1785292759729206
GameObject:
  m_ObjectHideFlags: 0
  m_PrefabParentObject: {fileID: 0}
  m_PrefabInternal: {fileID: 100100000}
  serializedVersion: 5
  m_Component:
  - component: {fileID: 4156209576380950}
  - component: {fileID: 61717718823815154}
  - component: {fileID: 114847201647438360}
  - component: {fileID: 50617189772683784}
  m_Layer: 0
  m_Name: DestroyerObject
  m_TagString: Untagged
  m_Icon: {fileID: 0}
  m_NavMeshLayer: 0
  m_StaticEditorFlags: 0
  m_IsActive: 1
--- !u!1 &1961758228855026
GameObject:
  m_ObjectHideFlags: 0
  m_PrefabParentObject: {fileID: 0}
  m_PrefabInternal: {fileID: 100100000}
  serializedVersion: 5
  m_Component:
  - component: {fileID: 4560171184830710}
  - component: {fileID: 114718003728402804}
  m_Layer: 12
  m_Name: Obstacle
  m_TagString: Untagged
  m_Icon: {fileID: 0}
  m_NavMeshLayer: 0
  m_StaticEditorFlags: 0
  m_IsActive: 1
--- !u!4 &4156209576380950
Transform:
  m_ObjectHideFlags: 1
  m_PrefabParentObject: {fileID: 0}
  m_PrefabInternal: {fileID: 100100000}
  m_GameObject: {fileID: 1785292759729206}
  m_LocalRotation: {x: -0, y: -0, z: -0, w: 1}
  m_LocalPosition: {x: 10.569946, y: 1.7100067, z: 0}
  m_LocalScale: {x: 18.845873, y: 2.5860553, z: 2.5860553}
  m_Children: []
  m_Father: {fileID: 4232990463561580}
  m_RootOrder: 4
  m_LocalEulerAnglesHint: {x: 0, y: 0, z: 0}
--- !u!4 &4170380123483792
Transform:
  m_ObjectHideFlags: 1
  m_PrefabParentObject: {fileID: 0}
  m_PrefabInternal: {fileID: 100100000}
  m_GameObject: {fileID: 1063197600651122}
  m_LocalRotation: {x: 0, y: 0, z: 0, w: 1}
  m_LocalPosition: {x: 0, y: 0, z: 0}
  m_LocalScale: {x: 1, y: 1, z: 1}
  m_Children: []
  m_Father: {fileID: 4623304932271842}
  m_RootOrder: 0
  m_LocalEulerAnglesHint: {x: 0, y: 0, z: 0}
--- !u!4 &4232990463561580
Transform:
  m_ObjectHideFlags: 1
  m_PrefabParentObject: {fileID: 0}
  m_PrefabInternal: {fileID: 100100000}
  m_GameObject: {fileID: 1714322925560356}
  m_LocalRotation: {x: 0, y: 0, z: 0, w: 1}
  m_LocalPosition: {x: 1398.6633, y: 433.36157, z: 0}
  m_LocalScale: {x: 1, y: 1, z: 1}
  m_Children:
  - {fileID: 4560171184830710}
  - {fileID: 4896986023449990}
  - {fileID: 4623304932271842}
  - {fileID: 4812520029981566}
  - {fileID: 4156209576380950}
  m_Father: {fileID: 0}
  m_RootOrder: 0
  m_LocalEulerAnglesHint: {x: 0, y: 0, z: 0}
--- !u!4 &4443610002990312
Transform:
  m_ObjectHideFlags: 1
  m_PrefabParentObject: {fileID: 0}
  m_PrefabInternal: {fileID: 100100000}
  m_GameObject: {fileID: 1436832775001350}
  m_LocalRotation: {x: 0, y: 0, z: 0, w: 1}
  m_LocalPosition: {x: 0, y: 0, z: 0}
  m_LocalScale: {x: 1, y: 1, z: 1}
  m_Children: []
  m_Father: {fileID: 4896986023449990}
  m_RootOrder: 0
  m_LocalEulerAnglesHint: {x: 0, y: 0, z: 0}
--- !u!4 &4560171184830710
Transform:
  m_ObjectHideFlags: 1
  m_PrefabParentObject: {fileID: 0}
  m_PrefabInternal: {fileID: 100100000}
  m_GameObject: {fileID: 1961758228855026}
  m_LocalRotation: {x: -0, y: -0, z: -0, w: 1}
  m_LocalPosition: {x: 11.048218, y: 9.123184, z: 0}
  m_LocalScale: {x: 5.9142637, y: 5.914266, z: 5.914266}
  m_Children:
  - {fileID: 4697200769004936}
  m_Father: {fileID: 4232990463561580}
  m_RootOrder: 0
  m_LocalEulerAnglesHint: {x: 0, y: 0, z: 0}
--- !u!4 &4623304932271842
Transform:
  m_ObjectHideFlags: 1
  m_PrefabParentObject: {fileID: 0}
  m_PrefabInternal: {fileID: 100100000}
  m_GameObject: {fileID: 1208782308691950}
  m_LocalRotation: {x: -0, y: -0, z: -0, w: 1}
  m_LocalPosition: {x: 16.608276, y: 9.123184, z: 0}
  m_LocalScale: {x: 5.9142637, y: 5.914266, z: 5.914266}
  m_Children:
  - {fileID: 4170380123483792}
  m_Father: {fileID: 4232990463561580}
  m_RootOrder: 2
  m_LocalEulerAnglesHint: {x: 0, y: 0, z: 0}
--- !u!4 &4697200769004936
Transform:
  m_ObjectHideFlags: 1
  m_PrefabParentObject: {fileID: 0}
  m_PrefabInternal: {fileID: 100100000}
  m_GameObject: {fileID: 1490972547124386}
  m_LocalRotation: {x: 0, y: 0, z: 0, w: 1}
  m_LocalPosition: {x: 0, y: 0, z: 0}
  m_LocalScale: {x: 1, y: 1, z: 1}
  m_Children: []
  m_Father: {fileID: 4560171184830710}
  m_RootOrder: 0
  m_LocalEulerAnglesHint: {x: 0, y: 0, z: 0}
--- !u!4 &4767504203504602
Transform:
  m_ObjectHideFlags: 1
  m_PrefabParentObject: {fileID: 0}
  m_PrefabInternal: {fileID: 100100000}
  m_GameObject: {fileID: 1116134190951228}
  m_LocalRotation: {x: 0, y: 0, z: 0, w: 1}
  m_LocalPosition: {x: 0, y: -0.34, z: 0}
  m_LocalScale: {x: 0.04871105, y: 0.20685732, z: 0}
  m_Children: []
  m_Father: {fileID: 4960646675804596}
  m_RootOrder: 0
  m_LocalEulerAnglesHint: {x: 0, y: 0, z: 0}
--- !u!4 &4812520029981566
Transform:
  m_ObjectHideFlags: 1
  m_PrefabParentObject: {fileID: 0}
  m_PrefabInternal: {fileID: 100100000}
  m_GameObject: {fileID: 1373617104733376}
  m_LocalRotation: {x: -0, y: -0, z: -0, w: 1}
  m_LocalPosition: {x: 10.4782715, y: 6.1131897, z: 0}
  m_LocalScale: {x: 1, y: 1, z: 1}
  m_Children:
  - {fileID: 4960646675804596}
  m_Father: {fileID: 4232990463561580}
  m_RootOrder: 3
  m_LocalEulerAnglesHint: {x: 0, y: 0, z: -0}
--- !u!4 &4896986023449990
Transform:
  m_ObjectHideFlags: 1
  m_PrefabParentObject: {fileID: 0}
  m_PrefabInternal: {fileID: 100100000}
  m_GameObject: {fileID: 1357302307204150}
  m_LocalRotation: {x: -0, y: -0, z: -0, w: 1}
  m_LocalPosition: {x: 13.788208, y: 9.123184, z: 0}
  m_LocalScale: {x: 5.9142637, y: 5.914266, z: 5.914266}
  m_Children:
  - {fileID: 4443610002990312}
  m_Father: {fileID: 4232990463561580}
  m_RootOrder: 1
  m_LocalEulerAnglesHint: {x: 0, y: 0, z: 0}
--- !u!4 &4960646675804596
Transform:
  m_ObjectHideFlags: 1
  m_PrefabParentObject: {fileID: 0}
  m_PrefabInternal: {fileID: 100100000}
  m_GameObject: {fileID: 1178687454693364}
  m_LocalRotation: {x: 0, y: 0, z: 0, w: 1}
  m_LocalPosition: {x: -6.56, y: 0, z: 0}
  m_LocalScale: {x: 3.6362352, y: 1, z: 0.39054084}
  m_Children:
  - {fileID: 4767504203504602}
  m_Father: {fileID: 4812520029981566}
  m_RootOrder: 0
  m_LocalEulerAnglesHint: {x: 0, y: 0, z: 0}
--- !u!50 &50617189772683784
Rigidbody2D:
  serializedVersion: 4
  m_ObjectHideFlags: 1
  m_PrefabParentObject: {fileID: 0}
  m_PrefabInternal: {fileID: 100100000}
  m_GameObject: {fileID: 1785292759729206}
  m_BodyType: 0
  m_Simulated: 1
  m_UseFullKinematicContacts: 0
  m_UseAutoMass: 0
  m_Mass: 0.0001
  m_LinearDrag: 0
  m_AngularDrag: 0
  m_GravityScale: 0
  m_Material: {fileID: 0}
  m_Interpolate: 0
  m_SleepingMode: 1
  m_CollisionDetection: 0
  m_Constraints: 4
--- !u!61 &61047059932896204
BoxCollider2D:
  m_ObjectHideFlags: 1
  m_PrefabParentObject: {fileID: 0}
  m_PrefabInternal: {fileID: 100100000}
  m_GameObject: {fileID: 1063197600651122}
  m_Enabled: 1
  m_Density: 1
  m_Material: {fileID: 0}
  m_IsTrigger: 0
  m_UsedByEffector: 0
  m_Offset: {x: 0.0012662411, y: 0.0012664795}
  serializedVersion: 2
  m_Size: {x: 0.38487884, y: 0.8002227}
--- !u!61 &61526843900237182
BoxCollider2D:
  m_ObjectHideFlags: 1
  m_PrefabParentObject: {fileID: 0}
  m_PrefabInternal: {fileID: 100100000}
  m_GameObject: {fileID: 1436832775001350}
  m_Enabled: 1
  m_Density: 1
  m_Material: {fileID: 0}
  m_IsTrigger: 0
  m_UsedByEffector: 0
  m_Offset: {x: 0.0012662411, y: 0.0012664795}
  serializedVersion: 2
  m_Size: {x: 0.38487884, y: 0.8002227}
--- !u!61 &61656569721613440
BoxCollider2D:
  m_ObjectHideFlags: 1
  m_PrefabParentObject: {fileID: 0}
  m_PrefabInternal: {fileID: 100100000}
  m_GameObject: {fileID: 1490972547124386}
  m_Enabled: 1
  m_Density: 1
  m_Material: {fileID: 0}
  m_IsTrigger: 0
  m_UsedByEffector: 0
  m_Offset: {x: 0.0012662411, y: 0.0012664795}
  serializedVersion: 2
  m_Size: {x: 0.38487884, y: 0.8002227}
--- !u!61 &61717718823815154
BoxCollider2D:
  m_ObjectHideFlags: 1
  m_PrefabParentObject: {fileID: 0}
  m_PrefabInternal: {fileID: 100100000}
  m_GameObject: {fileID: 1785292759729206}
  m_Enabled: 1
  m_Density: 1
  m_Material: {fileID: 0}
  m_IsTrigger: 1
  m_UsedByEffector: 0
  m_Offset: {x: 0, y: 0}
  serializedVersion: 2
  m_Size: {x: 1, y: 1}
--- !u!61 &61738271721730394
BoxCollider2D:
  m_ObjectHideFlags: 1
  m_PrefabParentObject: {fileID: 0}
  m_PrefabInternal: {fileID: 100100000}
  m_GameObject: {fileID: 1178687454693364}
  m_Enabled: 1
  m_Density: 1
  m_Material: {fileID: 0}
  m_IsTrigger: 0
  m_UsedByEffector: 0
  m_Offset: {x: 0, y: 0}
  serializedVersion: 2
  m_Size: {x: 1, y: 1}
--- !u!114 &114260661844692084
MonoBehaviour:
  m_ObjectHideFlags: 1
  m_PrefabParentObject: {fileID: 0}
  m_PrefabInternal: {fileID: 100100000}
  m_GameObject: {fileID: 1357302307204150}
  m_Enabled: 1
  m_EditorHideFlags: 0
  m_Script: {fileID: 11500000, guid: 235c94f6a1fdb4541ab40944f0dc3727, type: 3}
  m_Name: 
  m_EditorClassIdentifier: 
  health: 30
  healthDisplay: {fileID: 0}
  healthBarSize: {x: 0, y: 0}
  barPos: {x: 0, y: 0}
  color: {r: 0, g: 0, b: 0, a: 0}
  spriteSize: {fileID: 21300000, guid: 54996bfa115d1404d967bf17ef78f21c, type: 3}
  pic: 1
  bodyMask:
    serializedVersion: 2
    m_Bits: 8192
  size: {x: 0.37, y: 0.8}
  enemyHealth: 0
  type: 0
  anim: {fileID: 0}
  startHealth: 0
  ObstacleSprites:
  - {fileID: 21300002, guid: 54996bfa115d1404d967bf17ef78f21c, type: 3}
  - {fileID: 21300004, guid: 54996bfa115d1404d967bf17ef78f21c, type: 3}
  - {fileID: 21300006, guid: 54996bfa115d1404d967bf17ef78f21c, type: 3}
  - {fileID: 21300008, guid: 54996bfa115d1404d967bf17ef78f21c, type: 3}
--- !u!114 &114718003728402804
MonoBehaviour:
  m_ObjectHideFlags: 1
  m_PrefabParentObject: {fileID: 0}
  m_PrefabInternal: {fileID: 100100000}
  m_GameObject: {fileID: 1961758228855026}
  m_Enabled: 1
  m_EditorHideFlags: 0
  m_Script: {fileID: 11500000, guid: 235c94f6a1fdb4541ab40944f0dc3727, type: 3}
  m_Name: 
  m_EditorClassIdentifier: 
  health: 30
  healthDisplay: {fileID: 0}
  healthBarSize: {x: 0, y: 0}
  barPos: {x: 0, y: 0}
  color: {r: 0, g: 0, b: 0, a: 0}
  spriteSize: {fileID: 21300000, guid: 54996bfa115d1404d967bf17ef78f21c, type: 3}
  pic: 1
  bodyMask:
    serializedVersion: 2
    m_Bits: 8192
  size: {x: 0.37, y: 0.8}
  enemyHealth: 0
  type: 0
  anim: {fileID: 0}
  startHealth: 0
  ObstacleSprites:
  - {fileID: 21300002, guid: 54996bfa115d1404d967bf17ef78f21c, type: 3}
  - {fileID: 21300004, guid: 54996bfa115d1404d967bf17ef78f21c, type: 3}
  - {fileID: 21300006, guid: 54996bfa115d1404d967bf17ef78f21c, type: 3}
  - {fileID: 21300008, guid: 54996bfa115d1404d967bf17ef78f21c, type: 3}
--- !u!114 &114746050361270328
MonoBehaviour:
  m_ObjectHideFlags: 1
  m_PrefabParentObject: {fileID: 0}
  m_PrefabInternal: {fileID: 100100000}
  m_GameObject: {fileID: 1208782308691950}
  m_Enabled: 1
  m_EditorHideFlags: 0
  m_Script: {fileID: 11500000, guid: 235c94f6a1fdb4541ab40944f0dc3727, type: 3}
  m_Name: 
  m_EditorClassIdentifier: 
  health: 30
  healthDisplay: {fileID: 0}
  healthBarSize: {x: 0, y: 0}
  barPos: {x: 0, y: 0}
  color: {r: 0, g: 0, b: 0, a: 0}
  spriteSize: {fileID: 21300000, guid: 54996bfa115d1404d967bf17ef78f21c, type: 3}
  pic: 1
  bodyMask:
    serializedVersion: 2
    m_Bits: 8192
  size: {x: 0.37, y: 0.8}
  enemyHealth: 0
  type: 0
  anim: {fileID: 0}
  startHealth: 0
  ObstacleSprites:
  - {fileID: 21300002, guid: 54996bfa115d1404d967bf17ef78f21c, type: 3}
  - {fileID: 21300004, guid: 54996bfa115d1404d967bf17ef78f21c, type: 3}
  - {fileID: 21300006, guid: 54996bfa115d1404d967bf17ef78f21c, type: 3}
  - {fileID: 21300008, guid: 54996bfa115d1404d967bf17ef78f21c, type: 3}
--- !u!114 &114847201647438360
MonoBehaviour:
  m_ObjectHideFlags: 1
  m_PrefabParentObject: {fileID: 0}
  m_PrefabInternal: {fileID: 100100000}
  m_GameObject: {fileID: 1785292759729206}
  m_Enabled: 1
  m_EditorHideFlags: 0
  m_Script: {fileID: 11500000, guid: 232ff94eff9adaa429e54b6597af0dcb, type: 3}
  m_Name: 
  m_EditorClassIdentifier: 
  Destroyer:
    serializedVersion: 2
    m_Bits: 1536
  checkPoint: {fileID: 0}
--- !u!114 &114877450457892748
MonoBehaviour:
  m_ObjectHideFlags: 1
  m_PrefabParentObject: {fileID: 0}
  m_PrefabInternal: {fileID: 100100000}
  m_GameObject: {fileID: 1178687454693364}
  m_Enabled: 1
  m_EditorHideFlags: 0
  m_Script: {fileID: 11500000, guid: 461f23a180cf3b0488f83a6109bcabe8, type: 3}
  m_Name: 
  m_EditorClassIdentifier: 
  collisionMask:
    serializedVersion: 2
    m_Bits: 4352
  collider: {fileID: 0}
  skinWidth: 0.015
  verticalRayCount: 4
  horizontalRayCount: 20
  horizontalRaySpacing: 2.56
  verticalRaySpacing: 0
  horizontalCol: 0
  verticalCol: 0
  passengerMask:
    serializedVersion: 2
    m_Bits: 67072
  mask:
    serializedVersion: 2
    m_Bits: 6144
  globalDirectionX: 0
  globalDirectionY: 0
  player: {fileID: 0}
  obstacle: {fileID: 114019317063105004, guid: 8fcb4883a3d6f8044993f1d9c88f5c5e, type: 2}
  colliding: 0
  controller: {fileID: 0}
--- !u!114 &114916613186453210
MonoBehaviour:
  m_ObjectHideFlags: 1
  m_PrefabParentObject: {fileID: 0}
  m_PrefabInternal: {fileID: 100100000}
  m_GameObject: {fileID: 1178687454693364}
  m_Enabled: 1
  m_EditorHideFlags: 0
  m_Script: {fileID: 11500000, guid: 4ce62fa071fee434090894ef74c3ca75, type: 3}
  m_Name: 
  m_EditorClassIdentifier: 
  controller: {fileID: 114877450457892748}
  velocity: {x: 0, y: 0}
  movingSpeed: 1
  Amplitude: 6.84
  diagonalamplitude: 0
  diagonalAmplitude: {x: 0, y: 0, z: 0}
  moveDirection: 0
  diagonalDirection: 0
  circlingDirection: 1
  diagonal: 0
  Sprite: {fileID: 1373617104733376}
  circleAngle: 0
  radius: 4.09
  circulationTime: 0
  radiantFrequency: 0
--- !u!212 &212160246219808812
SpriteRenderer:
  m_ObjectHideFlags: 1
  m_PrefabParentObject: {fileID: 0}
  m_PrefabInternal: {fileID: 100100000}
  m_GameObject: {fileID: 1436832775001350}
  m_Enabled: 1
  m_CastShadows: 0
  m_ReceiveShadows: 0
  m_MotionVectors: 1
  m_LightProbeUsage: 0
  m_ReflectionProbeUsage: 0
  m_Materials:
  - {fileID: 10754, guid: 0000000000000000f000000000000000, type: 0}
  m_StaticBatchInfo:
    firstSubMesh: 0
    subMeshCount: 0
  m_StaticBatchRoot: {fileID: 0}
  m_ProbeAnchor: {fileID: 0}
  m_LightProbeVolumeOverride: {fileID: 0}
  m_ScaleInLightmap: 1
  m_PreserveUVs: 0
  m_IgnoreNormalsForChartDetection: 0
  m_ImportantGI: 0
  m_SelectedEditorRenderState: 0
  m_MinimumChartSize: 4
  m_AutoUVMaxDistance: 0.5
  m_AutoUVMaxAngle: 89
  m_LightmapParameters: {fileID: 0}
  m_SortingLayerID: 0
  m_SortingOrder: 0
  m_Sprite: {fileID: 21300000, guid: 54996bfa115d1404d967bf17ef78f21c, type: 3}
  m_Color: {r: 1, g: 1, b: 1, a: 1}
  m_FlipX: 0
  m_FlipY: 0
--- !u!212 &212209437106698422
SpriteRenderer:
  m_ObjectHideFlags: 1
  m_PrefabParentObject: {fileID: 0}
  m_PrefabInternal: {fileID: 100100000}
  m_GameObject: {fileID: 1116134190951228}
  m_Enabled: 1
  m_CastShadows: 0
  m_ReceiveShadows: 0
  m_MotionVectors: 1
  m_LightProbeUsage: 0
  m_ReflectionProbeUsage: 0
  m_Materials:
  - {fileID: 10754, guid: 0000000000000000f000000000000000, type: 0}
  m_StaticBatchInfo:
    firstSubMesh: 0
    subMeshCount: 0
  m_StaticBatchRoot: {fileID: 0}
  m_ProbeAnchor: {fileID: 0}
  m_LightProbeVolumeOverride: {fileID: 0}
  m_ScaleInLightmap: 1
  m_PreserveUVs: 0
  m_IgnoreNormalsForChartDetection: 0
  m_ImportantGI: 0
  m_SelectedEditorRenderState: 0
  m_MinimumChartSize: 4
  m_AutoUVMaxDistance: 0.5
  m_AutoUVMaxAngle: 89
  m_LightmapParameters: {fileID: 0}
  m_SortingLayerID: 0
  m_SortingOrder: 0
  m_Sprite: {fileID: 21300000, guid: a76a70f0b87c4334e89fe54a18b75a8d, type: 3}
  m_Color: {r: 1, g: 1, b: 1, a: 1}
  m_FlipX: 0
  m_FlipY: 0
--- !u!212 &212318172692674340
SpriteRenderer:
  m_ObjectHideFlags: 1
  m_PrefabParentObject: {fileID: 0}
  m_PrefabInternal: {fileID: 100100000}
  m_GameObject: {fileID: 1063197600651122}
  m_Enabled: 1
  m_CastShadows: 0
  m_ReceiveShadows: 0
  m_MotionVectors: 1
  m_LightProbeUsage: 0
  m_ReflectionProbeUsage: 0
  m_Materials:
  - {fileID: 10754, guid: 0000000000000000f000000000000000, type: 0}
  m_StaticBatchInfo:
    firstSubMesh: 0
    subMeshCount: 0
  m_StaticBatchRoot: {fileID: 0}
  m_ProbeAnchor: {fileID: 0}
  m_LightProbeVolumeOverride: {fileID: 0}
  m_ScaleInLightmap: 1
  m_PreserveUVs: 0
  m_IgnoreNormalsForChartDetection: 0
  m_ImportantGI: 0
  m_SelectedEditorRenderState: 0
  m_MinimumChartSize: 4
  m_AutoUVMaxDistance: 0.5
  m_AutoUVMaxAngle: 89
  m_LightmapParameters: {fileID: 0}
  m_SortingLayerID: 0
  m_SortingOrder: 0
  m_Sprite: {fileID: 21300000, guid: 54996bfa115d1404d967bf17ef78f21c, type: 3}
  m_Color: {r: 1, g: 1, b: 1, a: 1}
  m_FlipX: 0
  m_FlipY: 0
--- !u!212 &212639901265785562
SpriteRenderer:
  m_ObjectHideFlags: 1
  m_PrefabParentObject: {fileID: 0}
  m_PrefabInternal: {fileID: 100100000}
  m_GameObject: {fileID: 1490972547124386}
  m_Enabled: 1
  m_CastShadows: 0
  m_ReceiveShadows: 0
  m_MotionVectors: 1
  m_LightProbeUsage: 0
  m_ReflectionProbeUsage: 0
  m_Materials:
  - {fileID: 10754, guid: 0000000000000000f000000000000000, type: 0}
  m_StaticBatchInfo:
    firstSubMesh: 0
    subMeshCount: 0
  m_StaticBatchRoot: {fileID: 0}
  m_ProbeAnchor: {fileID: 0}
  m_LightProbeVolumeOverride: {fileID: 0}
  m_ScaleInLightmap: 1
  m_PreserveUVs: 0
  m_IgnoreNormalsForChartDetection: 0
  m_ImportantGI: 0
  m_SelectedEditorRenderState: 0
  m_MinimumChartSize: 4
  m_AutoUVMaxDistance: 0.5
  m_AutoUVMaxAngle: 89
  m_LightmapParameters: {fileID: 0}
  m_SortingLayerID: 0
  m_SortingOrder: 0
  m_Sprite: {fileID: 21300000, guid: 54996bfa115d1404d967bf17ef78f21c, type: 3}
  m_Color: {r: 1, g: 1, b: 1, a: 1}
  m_FlipX: 0
  m_FlipY: 0
