%YAML 1.1
%TAG !u! tag:unity3d.com,2011:
--- !u!1001 &100100000
Prefab:
  m_ObjectHideFlags: 1
  serializedVersion: 2
  m_Modification:
    m_TransformParent: {fileID: 0}
    m_Modifications: []
    m_RemovedComponents: []
  m_ParentPrefab: {fileID: 0}
  m_RootGameObject: {fileID: 1576820552118704}
  m_IsPrefabParent: 1
--- !u!1 &1001942909017564
GameObject:
  m_ObjectHideFlags: 1
  m_PrefabParentObject: {fileID: 0}
  m_PrefabInternal: {fileID: 100100000}
  serializedVersion: 5
  m_Component:
  - component: {fileID: 4727264465757992}
  - component: {fileID: 212070835222857600}
  m_Layer: 11
  m_Name: New Sprite
  m_TagString: Untagged
  m_Icon: {fileID: 0}
  m_NavMeshLayer: 0
  m_StaticEditorFlags: 0
  m_IsActive: 1
--- !u!1 &1024650438137144
GameObject:
  m_ObjectHideFlags: 1
  m_PrefabParentObject: {fileID: 0}
  m_PrefabInternal: {fileID: 100100000}
  serializedVersion: 5
  m_Component:
  - component: {fileID: 4082134556510500}
  - component: {fileID: 61349830607525928}
  - component: {fileID: 114650629853262088}
  - component: {fileID: 114517897541832166}
  m_Layer: 11
  m_Name: normalPlatform (6)
  m_TagString: Untagged
  m_Icon: {fileID: 0}
  m_NavMeshLayer: 0
  m_StaticEditorFlags: 0
  m_IsActive: 1
--- !u!1 &1039909548251040
GameObject:
  m_ObjectHideFlags: 1
  m_PrefabParentObject: {fileID: 0}
  m_PrefabInternal: {fileID: 100100000}
  serializedVersion: 5
  m_Component:
  - component: {fileID: 4540703255721718}
  - component: {fileID: 212207101702193458}
  m_Layer: 11
  m_Name: New Sprite
  m_TagString: Untagged
  m_Icon: {fileID: 0}
  m_NavMeshLayer: 0
  m_StaticEditorFlags: 0
  m_IsActive: 1
--- !u!1 &1078355764251854
GameObject:
  m_ObjectHideFlags: 1
  m_PrefabParentObject: {fileID: 0}
  m_PrefabInternal: {fileID: 100100000}
  serializedVersion: 5
  m_Component:
  - component: {fileID: 4441948383473770}
  - component: {fileID: 61143829966702238}
  - component: {fileID: 114944839032751410}
  - component: {fileID: 114045112480104276}
  m_Layer: 11
  m_Name: normalPlatform
  m_TagString: Untagged
  m_Icon: {fileID: 0}
  m_NavMeshLayer: 0
  m_StaticEditorFlags: 0
  m_IsActive: 1
--- !u!1 &1083510263594570
GameObject:
  m_ObjectHideFlags: 1
  m_PrefabParentObject: {fileID: 0}
  m_PrefabInternal: {fileID: 100100000}
  serializedVersion: 5
  m_Component:
  - component: {fileID: 4716844979581236}
  - component: {fileID: 212766776598792752}
  m_Layer: 11
  m_Name: New Sprite
  m_TagString: Untagged
  m_Icon: {fileID: 0}
  m_NavMeshLayer: 0
  m_StaticEditorFlags: 0
  m_IsActive: 1
--- !u!1 &1086177189722876
GameObject:
  m_ObjectHideFlags: 1
  m_PrefabParentObject: {fileID: 0}
  m_PrefabInternal: {fileID: 100100000}
  serializedVersion: 5
  m_Component:
  - component: {fileID: 4960505707773946}
  - component: {fileID: 61873750339603112}
  - component: {fileID: 114514676725682854}
  - component: {fileID: 114765722902964350}
  m_Layer: 11
  m_Name: normalPlatform
  m_TagString: Untagged
  m_Icon: {fileID: 0}
  m_NavMeshLayer: 0
  m_StaticEditorFlags: 0
  m_IsActive: 1
--- !u!1 &1101321939262096
GameObject:
  m_ObjectHideFlags: 1
  m_PrefabParentObject: {fileID: 0}
  m_PrefabInternal: {fileID: 100100000}
  serializedVersion: 5
  m_Component:
  - component: {fileID: 4218583646421892}
  - component: {fileID: 212800264191138676}
  m_Layer: 11
  m_Name: New Sprite
  m_TagString: Untagged
  m_Icon: {fileID: 0}
  m_NavMeshLayer: 0
  m_StaticEditorFlags: 0
  m_IsActive: 1
--- !u!1 &1107243948541276
GameObject:
  m_ObjectHideFlags: 0
  m_PrefabParentObject: {fileID: 0}
  m_PrefabInternal: {fileID: 100100000}
  serializedVersion: 5
  m_Component:
  - component: {fileID: 4941818354287330}
  m_Layer: 11
  m_Name: Circling (2)
  m_TagString: Untagged
  m_Icon: {fileID: -6488666005112524639, guid: 0000000000000000d000000000000000, type: 0}
  m_NavMeshLayer: 0
  m_StaticEditorFlags: 0
  m_IsActive: 1
--- !u!1 &1126257264076990
GameObject:
  m_ObjectHideFlags: 1
  m_PrefabParentObject: {fileID: 0}
  m_PrefabInternal: {fileID: 100100000}
  serializedVersion: 5
  m_Component:
  - component: {fileID: 4921580293304490}
  - component: {fileID: 212760407899228468}
  m_Layer: 11
  m_Name: New Sprite
  m_TagString: Untagged
  m_Icon: {fileID: 0}
  m_NavMeshLayer: 0
  m_StaticEditorFlags: 0
  m_IsActive: 1
--- !u!1 &1127799381301728
GameObject:
  m_ObjectHideFlags: 1
  m_PrefabParentObject: {fileID: 0}
  m_PrefabInternal: {fileID: 100100000}
  serializedVersion: 5
  m_Component:
  - component: {fileID: 4277818174608756}
  - component: {fileID: 212346474314434706}
  - component: {fileID: 114100671094778164}
  m_Layer: 11
  m_Name: background
  m_TagString: Untagged
  m_Icon: {fileID: 0}
  m_NavMeshLayer: 0
  m_StaticEditorFlags: 0
  m_IsActive: 1
--- !u!1 &1184557256712222
GameObject:
  m_ObjectHideFlags: 1
  m_PrefabParentObject: {fileID: 0}
  m_PrefabInternal: {fileID: 100100000}
  serializedVersion: 5
  m_Component:
  - component: {fileID: 4437372060891852}
  - component: {fileID: 212046726238094578}
  - component: {fileID: 114872217528257926}
  m_Layer: 11
  m_Name: background
  m_TagString: Untagged
  m_Icon: {fileID: 0}
  m_NavMeshLayer: 0
  m_StaticEditorFlags: 0
  m_IsActive: 1
--- !u!1 &1192768692451902
GameObject:
  m_ObjectHideFlags: 1
  m_PrefabParentObject: {fileID: 0}
  m_PrefabInternal: {fileID: 100100000}
  serializedVersion: 5
  m_Component:
  - component: {fileID: 4231939776466370}
  - component: {fileID: 61237299709687254}
  - component: {fileID: 114796190923201090}
  - component: {fileID: 114113544150049986}
  m_Layer: 11
  m_Name: normalPlatform (4)
  m_TagString: Untagged
  m_Icon: {fileID: 0}
  m_NavMeshLayer: 0
  m_StaticEditorFlags: 0
  m_IsActive: 1
--- !u!1 &1273481719332708
GameObject:
  m_ObjectHideFlags: 1
  m_PrefabParentObject: {fileID: 0}
  m_PrefabInternal: {fileID: 100100000}
  serializedVersion: 5
  m_Component:
  - component: {fileID: 4174157003567264}
  - component: {fileID: 212171239824370316}
  m_Layer: 11
  m_Name: New Sprite
  m_TagString: Untagged
  m_Icon: {fileID: 0}
  m_NavMeshLayer: 0
  m_StaticEditorFlags: 0
  m_IsActive: 1
--- !u!1 &1353931739615146
GameObject:
  m_ObjectHideFlags: 1
  m_PrefabParentObject: {fileID: 0}
  m_PrefabInternal: {fileID: 100100000}
  serializedVersion: 5
  m_Component:
  - component: {fileID: 4829091155618490}
  - component: {fileID: 212019283791727148}
  m_Layer: 11
  m_Name: New Sprite
  m_TagString: Untagged
  m_Icon: {fileID: 0}
  m_NavMeshLayer: 0
  m_StaticEditorFlags: 0
  m_IsActive: 1
--- !u!1 &1367690031445258
GameObject:
  m_ObjectHideFlags: 1
  m_PrefabParentObject: {fileID: 0}
  m_PrefabInternal: {fileID: 100100000}
  serializedVersion: 5
  m_Component:
  - component: {fileID: 4654988817202544}
  - component: {fileID: 212591634908769858}
  - component: {fileID: 114829158444151906}
  m_Layer: 11
  m_Name: background
  m_TagString: Untagged
  m_Icon: {fileID: 0}
  m_NavMeshLayer: 0
  m_StaticEditorFlags: 0
  m_IsActive: 1
--- !u!1 &1453152931896732
GameObject:
  m_ObjectHideFlags: 1
  m_PrefabParentObject: {fileID: 0}
  m_PrefabInternal: {fileID: 100100000}
  serializedVersion: 5
  m_Component:
  - component: {fileID: 4017141062376190}
  - component: {fileID: 212302433074224258}
  m_Layer: 11
  m_Name: New Sprite
  m_TagString: Untagged
  m_Icon: {fileID: 0}
  m_NavMeshLayer: 0
  m_StaticEditorFlags: 0
  m_IsActive: 1
--- !u!1 &1476955475013082
GameObject:
  m_ObjectHideFlags: 1
  m_PrefabParentObject: {fileID: 0}
  m_PrefabInternal: {fileID: 100100000}
  serializedVersion: 5
  m_Component:
  - component: {fileID: 4130337214004198}
  - component: {fileID: 61115514265885264}
  - component: {fileID: 114290518246168972}
  - component: {fileID: 114294219008049596}
  m_Layer: 11
  m_Name: normalPlatform (4)
  m_TagString: Untagged
  m_Icon: {fileID: 0}
  m_NavMeshLayer: 0
  m_StaticEditorFlags: 0
  m_IsActive: 1
--- !u!1 &1514571008738646
GameObject:
  m_ObjectHideFlags: 1
  m_PrefabParentObject: {fileID: 0}
  m_PrefabInternal: {fileID: 100100000}
  serializedVersion: 5
  m_Component:
  - component: {fileID: 4013741496742754}
  - component: {fileID: 61878645921885330}
  - component: {fileID: 114025929620748468}
  - component: {fileID: 114219983203528512}
  m_Layer: 11
  m_Name: normalPlatform (5)
  m_TagString: Untagged
  m_Icon: {fileID: 0}
  m_NavMeshLayer: 0
  m_StaticEditorFlags: 0
  m_IsActive: 1
--- !u!1 &1572171073447376
GameObject:
  m_ObjectHideFlags: 1
  m_PrefabParentObject: {fileID: 0}
  m_PrefabInternal: {fileID: 100100000}
  serializedVersion: 5
  m_Component:
  - component: {fileID: 4072664656778118}
  - component: {fileID: 212181133555808964}
  m_Layer: 11
  m_Name: New Sprite
  m_TagString: Untagged
  m_Icon: {fileID: 0}
  m_NavMeshLayer: 0
  m_StaticEditorFlags: 0
  m_IsActive: 1
--- !u!1 &1576820552118704
GameObject:
  m_ObjectHideFlags: 0
  m_PrefabParentObject: {fileID: 0}
  m_PrefabInternal: {fileID: 100100000}
  serializedVersion: 5
  m_Component:
  - component: {fileID: 4211639521869888}
  m_Layer: 0
  m_Name: Windmills
  m_TagString: Untagged
  m_Icon: {fileID: 0}
  m_NavMeshLayer: 0
  m_StaticEditorFlags: 0
  m_IsActive: 1
--- !u!1 &1601039829158550
GameObject:
  m_ObjectHideFlags: 1
  m_PrefabParentObject: {fileID: 0}
  m_PrefabInternal: {fileID: 100100000}
  serializedVersion: 5
  m_Component:
  - component: {fileID: 4943384984271032}
  - component: {fileID: 61449401629160500}
  - component: {fileID: 114600465693562526}
  - component: {fileID: 114298131045971290}
  m_Layer: 11
  m_Name: normalPlatform (6)
  m_TagString: Untagged
  m_Icon: {fileID: 0}
  m_NavMeshLayer: 0
  m_StaticEditorFlags: 0
  m_IsActive: 1
--- !u!1 &1670523741451152
GameObject:
  m_ObjectHideFlags: 1
  m_PrefabParentObject: {fileID: 0}
  m_PrefabInternal: {fileID: 100100000}
  serializedVersion: 5
  m_Component:
  - component: {fileID: 4931309298928672}
  - component: {fileID: 212839259964594242}
  m_Layer: 11
  m_Name: New Sprite
  m_TagString: Untagged
  m_Icon: {fileID: 0}
  m_NavMeshLayer: 0
  m_StaticEditorFlags: 0
  m_IsActive: 1
--- !u!1 &1686439228177412
GameObject:
  m_ObjectHideFlags: 1
  m_PrefabParentObject: {fileID: 0}
  m_PrefabInternal: {fileID: 100100000}
  serializedVersion: 5
  m_Component:
  - component: {fileID: 4379555753348526}
  - component: {fileID: 61354716306613376}
  - component: {fileID: 114332862575025424}
  - component: {fileID: 114951419569785710}
  m_Layer: 11
  m_Name: normalPlatform
  m_TagString: Untagged
  m_Icon: {fileID: 0}
  m_NavMeshLayer: 0
  m_StaticEditorFlags: 0
  m_IsActive: 1
--- !u!1 &1699095729471136
GameObject:
  m_ObjectHideFlags: 1
  m_PrefabParentObject: {fileID: 0}
  m_PrefabInternal: {fileID: 100100000}
  serializedVersion: 5
  m_Component:
  - component: {fileID: 4171829901390008}
  - component: {fileID: 61040172999523302}
  - component: {fileID: 114761573230075296}
  - component: {fileID: 114115974341717942}
  m_Layer: 11
  m_Name: normalPlatform (6)
  m_TagString: Untagged
  m_Icon: {fileID: 0}
  m_NavMeshLayer: 0
  m_StaticEditorFlags: 0
  m_IsActive: 1
--- !u!1 &1701115955900478
GameObject:
  m_ObjectHideFlags: 0
  m_PrefabParentObject: {fileID: 0}
  m_PrefabInternal: {fileID: 100100000}
  serializedVersion: 5
  m_Component:
  - component: {fileID: 4453631688910220}
  - component: {fileID: 61703309463242506}
  - component: {fileID: 114966648448564858}
  - component: {fileID: 50986844378566218}
  m_Layer: 0
  m_Name: DestroyerObject (1)
  m_TagString: Untagged
  m_Icon: {fileID: 0}
  m_NavMeshLayer: 0
  m_StaticEditorFlags: 0
  m_IsActive: 1
--- !u!1 &1742505870818762
GameObject:
  m_ObjectHideFlags: 1
  m_PrefabParentObject: {fileID: 0}
  m_PrefabInternal: {fileID: 100100000}
  serializedVersion: 5
  m_Component:
  - component: {fileID: 4978661723458404}
  - component: {fileID: 61527863657020498}
  - component: {fileID: 114457422697523160}
  - component: {fileID: 114098001199904802}
  m_Layer: 11
  m_Name: normalPlatform (5)
  m_TagString: Untagged
  m_Icon: {fileID: 0}
  m_NavMeshLayer: 0
  m_StaticEditorFlags: 0
  m_IsActive: 1
--- !u!1 &1787137928307658
GameObject:
  m_ObjectHideFlags: 0
  m_PrefabParentObject: {fileID: 0}
  m_PrefabInternal: {fileID: 100100000}
  serializedVersion: 5
  m_Component:
  - component: {fileID: 4361727485593982}
  m_Layer: 11
  m_Name: Circling (1)
  m_TagString: Untagged
  m_Icon: {fileID: -6488666005112524639, guid: 0000000000000000d000000000000000, type: 0}
  m_NavMeshLayer: 0
  m_StaticEditorFlags: 0
  m_IsActive: 1
--- !u!1 &1827968927578998
GameObject:
  m_ObjectHideFlags: 0
  m_PrefabParentObject: {fileID: 0}
  m_PrefabInternal: {fileID: 100100000}
  serializedVersion: 5
  m_Component:
  - component: {fileID: 4346246037799728}
  m_Layer: 11
  m_Name: Circling
  m_TagString: Untagged
  m_Icon: {fileID: -6488666005112524639, guid: 0000000000000000d000000000000000, type: 0}
  m_NavMeshLayer: 0
  m_StaticEditorFlags: 0
  m_IsActive: 1
--- !u!1 &1862054774440794
GameObject:
  m_ObjectHideFlags: 1
  m_PrefabParentObject: {fileID: 0}
  m_PrefabInternal: {fileID: 100100000}
  serializedVersion: 5
  m_Component:
  - component: {fileID: 4265344903019140}
  - component: {fileID: 212554004753488856}
  m_Layer: 11
  m_Name: New Sprite
  m_TagString: Untagged
  m_Icon: {fileID: 0}
  m_NavMeshLayer: 0
  m_StaticEditorFlags: 0
  m_IsActive: 1
--- !u!1 &1898637931184794
GameObject:
  m_ObjectHideFlags: 1
  m_PrefabParentObject: {fileID: 0}
  m_PrefabInternal: {fileID: 100100000}
  serializedVersion: 5
  m_Component:
  - component: {fileID: 4093031514043164}
  - component: {fileID: 61115225358871978}
  - component: {fileID: 114738743980116584}
  - component: {fileID: 114892961148714858}
  m_Layer: 11
  m_Name: normalPlatform (5)
  m_TagString: Untagged
  m_Icon: {fileID: 0}
  m_NavMeshLayer: 0
  m_StaticEditorFlags: 0
  m_IsActive: 1
--- !u!1 &1928486979617048
GameObject:
  m_ObjectHideFlags: 1
  m_PrefabParentObject: {fileID: 0}
  m_PrefabInternal: {fileID: 100100000}
  serializedVersion: 5
  m_Component:
  - component: {fileID: 4495903545898334}
  - component: {fileID: 61050165882748210}
  - component: {fileID: 114980081760923356}
  - component: {fileID: 114783556679320686}
  m_Layer: 11
  m_Name: normalPlatform (4)
  m_TagString: Untagged
  m_Icon: {fileID: 0}
  m_NavMeshLayer: 0
  m_StaticEditorFlags: 0
  m_IsActive: 1
--- !u!1 &1978890736170736
GameObject:
  m_ObjectHideFlags: 1
  m_PrefabParentObject: {fileID: 0}
  m_PrefabInternal: {fileID: 100100000}
  serializedVersion: 5
  m_Component:
  - component: {fileID: 4643269668642358}
  - component: {fileID: 212146407771809840}
  m_Layer: 11
  m_Name: New Sprite
  m_TagString: Untagged
  m_Icon: {fileID: 0}
  m_NavMeshLayer: 0
  m_StaticEditorFlags: 0
  m_IsActive: 1
--- !u!4 &4013741496742754
Transform:
  m_ObjectHideFlags: 1
  m_PrefabParentObject: {fileID: 0}
  m_PrefabInternal: {fileID: 100100000}
  m_GameObject: {fileID: 1514571008738646}
  m_LocalRotation: {x: -0, y: -0, z: -0, w: 1}
  m_LocalPosition: {x: -9.45, y: 2.43, z: 0}
  m_LocalScale: {x: 8.926265, y: 8.926283, z: 8.926283}
  m_Children:
  - {fileID: 4716844979581236}
  m_Father: {fileID: 4346246037799728}
  m_RootOrder: 3
  m_LocalEulerAnglesHint: {x: 0, y: 0, z: 0}
--- !u!4 &4017141062376190
Transform:
  m_ObjectHideFlags: 1
  m_PrefabParentObject: {fileID: 0}
  m_PrefabInternal: {fileID: 100100000}
  m_GameObject: {fileID: 1453152931896732}
  m_LocalRotation: {x: 0, y: 0, z: 0, w: 1}
  m_LocalPosition: {x: 0, y: 0, z: 0}
  m_LocalScale: {x: 0.20494848, y: 0.20494848, z: 0}
  m_Children: []
  m_Father: {fileID: 4231939776466370}
  m_RootOrder: 0
  m_LocalEulerAnglesHint: {x: 0, y: 0, z: 0}
--- !u!4 &4072664656778118
Transform:
  m_ObjectHideFlags: 1
  m_PrefabParentObject: {fileID: 0}
  m_PrefabInternal: {fileID: 100100000}
  m_GameObject: {fileID: 1572171073447376}
  m_LocalRotation: {x: 0, y: 0, z: 0, w: 1}
  m_LocalPosition: {x: 0, y: 0, z: 0}
  m_LocalScale: {x: 0.20494848, y: 0.20494848, z: 0}
  m_Children: []
  m_Father: {fileID: 4379555753348526}
  m_RootOrder: 0
  m_LocalEulerAnglesHint: {x: 0, y: 0, z: 0}
--- !u!4 &4082134556510500
Transform:
  m_ObjectHideFlags: 1
  m_PrefabParentObject: {fileID: 0}
  m_PrefabInternal: {fileID: 100100000}
  m_GameObject: {fileID: 1024650438137144}
  m_LocalRotation: {x: -0, y: -0, z: -0, w: 1}
  m_LocalPosition: {x: 2.43, y: 9.45, z: 0}
  m_LocalScale: {x: 8.926265, y: 8.926283, z: 8.926283}
  m_Children:
  - {fileID: 4174157003567264}
  m_Father: {fileID: 4361727485593982}
  m_RootOrder: 4
  m_LocalEulerAnglesHint: {x: 0, y: 0, z: 0}
--- !u!4 &4093031514043164
Transform:
  m_ObjectHideFlags: 1
  m_PrefabParentObject: {fileID: 0}
  m_PrefabInternal: {fileID: 100100000}
  m_GameObject: {fileID: 1898637931184794}
  m_LocalRotation: {x: -0, y: -0, z: -0, w: 1}
  m_LocalPosition: {x: -9.45, y: 2.43, z: 0}
  m_LocalScale: {x: 8.926265, y: 8.926283, z: 8.926283}
  m_Children:
  - {fileID: 4643269668642358}
  m_Father: {fileID: 4941818354287330}
  m_RootOrder: 3
  m_LocalEulerAnglesHint: {x: 0, y: 0, z: 0}
--- !u!4 &4130337214004198
Transform:
  m_ObjectHideFlags: 1
  m_PrefabParentObject: {fileID: 0}
  m_PrefabInternal: {fileID: 100100000}
  m_GameObject: {fileID: 1476955475013082}
  m_LocalRotation: {x: -0, y: -0, z: -0, w: 1}
  m_LocalPosition: {x: -2.43, y: -9.45, z: 0}
  m_LocalScale: {x: 8.926265, y: 8.926283, z: 8.926283}
  m_Children:
  - {fileID: 4829091155618490}
  m_Father: {fileID: 4941818354287330}
  m_RootOrder: 2
  m_LocalEulerAnglesHint: {x: 0, y: 0, z: 0}
--- !u!4 &4171829901390008
Transform:
  m_ObjectHideFlags: 1
  m_PrefabParentObject: {fileID: 0}
  m_PrefabInternal: {fileID: 100100000}
  m_GameObject: {fileID: 1699095729471136}
  m_LocalRotation: {x: -0, y: -0, z: -0, w: 1}
  m_LocalPosition: {x: 2.43, y: 9.45, z: 0}
  m_LocalScale: {x: 8.926265, y: 8.926283, z: 8.926283}
  m_Children:
  - {fileID: 4218583646421892}
  m_Father: {fileID: 4346246037799728}
  m_RootOrder: 4
  m_LocalEulerAnglesHint: {x: 0, y: 0, z: 0}
--- !u!4 &4174157003567264
Transform:
  m_ObjectHideFlags: 1
  m_PrefabParentObject: {fileID: 0}
  m_PrefabInternal: {fileID: 100100000}
  m_GameObject: {fileID: 1273481719332708}
  m_LocalRotation: {x: 0, y: 0, z: 0, w: 1}
  m_LocalPosition: {x: 0, y: 0, z: 0}
  m_LocalScale: {x: 0.20494848, y: 0.20494848, z: 0}
  m_Children: []
  m_Father: {fileID: 4082134556510500}
  m_RootOrder: 0
  m_LocalEulerAnglesHint: {x: 0, y: 0, z: 0}
--- !u!4 &4211639521869888
Transform:
  m_ObjectHideFlags: 1
  m_PrefabParentObject: {fileID: 0}
  m_PrefabInternal: {fileID: 100100000}
  m_GameObject: {fileID: 1576820552118704}
  m_LocalRotation: {x: 0, y: 0, z: 0, w: 1}
  m_LocalPosition: {x: 1441.1997, y: 480.15158, z: 0}
  m_LocalScale: {x: 1, y: 1, z: 1}
  m_Children:
  - {fileID: 4346246037799728}
  - {fileID: 4453631688910220}
  - {fileID: 4361727485593982}
  - {fileID: 4941818354287330}
  m_Father: {fileID: 0}
  m_RootOrder: 0
  m_LocalEulerAnglesHint: {x: 0, y: 0, z: 0}
--- !u!4 &4218583646421892
Transform:
  m_ObjectHideFlags: 1
  m_PrefabParentObject: {fileID: 0}
  m_PrefabInternal: {fileID: 100100000}
  m_GameObject: {fileID: 1101321939262096}
  m_LocalRotation: {x: 0, y: 0, z: 0, w: 1}
  m_LocalPosition: {x: 0, y: 0, z: 0}
  m_LocalScale: {x: 0.20494848, y: 0.20494848, z: 0}
  m_Children: []
  m_Father: {fileID: 4171829901390008}
  m_RootOrder: 0
  m_LocalEulerAnglesHint: {x: 0, y: 0, z: 0}
--- !u!4 &4231939776466370
Transform:
  m_ObjectHideFlags: 1
  m_PrefabParentObject: {fileID: 0}
  m_PrefabInternal: {fileID: 100100000}
  m_GameObject: {fileID: 1192768692451902}
  m_LocalRotation: {x: -0, y: -0, z: -0, w: 1}
  m_LocalPosition: {x: -2.43, y: -9.45, z: 0}
  m_LocalScale: {x: 8.926265, y: 8.926283, z: 8.926283}
  m_Children:
  - {fileID: 4017141062376190}
  m_Father: {fileID: 4361727485593982}
  m_RootOrder: 2
  m_LocalEulerAnglesHint: {x: 0, y: 0, z: 0}
--- !u!4 &4265344903019140
Transform:
  m_ObjectHideFlags: 1
  m_PrefabParentObject: {fileID: 0}
  m_PrefabInternal: {fileID: 100100000}
  m_GameObject: {fileID: 1862054774440794}
  m_LocalRotation: {x: 0, y: 0, z: 0, w: 1}
  m_LocalPosition: {x: 0, y: 0, z: 0}
  m_LocalScale: {x: 0.20494848, y: 0.20494848, z: 0}
  m_Children: []
  m_Father: {fileID: 4960505707773946}
  m_RootOrder: 0
  m_LocalEulerAnglesHint: {x: 0, y: 0, z: 0}
--- !u!4 &4277818174608756
Transform:
  m_ObjectHideFlags: 1
  m_PrefabParentObject: {fileID: 0}
  m_PrefabInternal: {fileID: 100100000}
  m_GameObject: {fileID: 1127799381301728}
  m_LocalRotation: {x: 0, y: 0, z: 0, w: 1}
  m_LocalPosition: {x: 0, y: -0.00005537175, z: 0}
  m_LocalScale: {x: 1.2831473, y: 1.2831464, z: 1.2831464}
  m_Children: []
  m_Father: {fileID: 4346246037799728}
  m_RootOrder: 0
  m_LocalEulerAnglesHint: {x: 0, y: 0, z: 0}
--- !u!4 &4346246037799728
Transform:
  m_ObjectHideFlags: 1
  m_PrefabParentObject: {fileID: 0}
  m_PrefabInternal: {fileID: 100100000}
  m_GameObject: {fileID: 1827968927578998}
  m_LocalRotation: {x: -0, y: -0, z: -0, w: 1}
  m_LocalPosition: {x: 6.359253, y: 4.171631, z: 0}
  m_LocalScale: {x: 0.55113983, y: 0.55113983, z: 0.55113983}
  m_Children:
  - {fileID: 4277818174608756}
  - {fileID: 4960505707773946}
  - {fileID: 4495903545898334}
  - {fileID: 4013741496742754}
  - {fileID: 4171829901390008}
  m_Father: {fileID: 4211639521869888}
  m_RootOrder: 0
  m_LocalEulerAnglesHint: {x: 0, y: 0, z: -0}
--- !u!4 &4361727485593982
Transform:
  m_ObjectHideFlags: 1
  m_PrefabParentObject: {fileID: 0}
  m_PrefabInternal: {fileID: 100100000}
  m_GameObject: {fileID: 1787137928307658}
  m_LocalRotation: {x: -0, y: -0, z: -0, w: 1}
  m_LocalPosition: {x: 21.93, y: 8.81, z: 0}
  m_LocalScale: {x: 0.55114, y: 0.55114, z: 0.55114}
  m_Children:
  - {fileID: 4437372060891852}
  - {fileID: 4441948383473770}
  - {fileID: 4231939776466370}
  - {fileID: 4978661723458404}
  - {fileID: 4082134556510500}
  m_Father: {fileID: 4211639521869888}
  m_RootOrder: 2
  m_LocalEulerAnglesHint: {x: 0, y: 0, z: -0}
--- !u!4 &4379555753348526
Transform:
  m_ObjectHideFlags: 1
  m_PrefabParentObject: {fileID: 0}
  m_PrefabInternal: {fileID: 100100000}
  m_GameObject: {fileID: 1686439228177412}
  m_LocalRotation: {x: 0, y: 0, z: 0, w: 1}
  m_LocalPosition: {x: 9.45, y: -2.43, z: 0}
  m_LocalScale: {x: 8.926266, y: 8.926273, z: 8.926273}
  m_Children:
  - {fileID: 4072664656778118}
  m_Father: {fileID: 4941818354287330}
  m_RootOrder: 1
  m_LocalEulerAnglesHint: {x: 0, y: 0, z: 0}
--- !u!4 &4437372060891852
Transform:
  m_ObjectHideFlags: 1
  m_PrefabParentObject: {fileID: 0}
  m_PrefabInternal: {fileID: 100100000}
  m_GameObject: {fileID: 1184557256712222}
  m_LocalRotation: {x: 0, y: 0, z: 0, w: 1}
  m_LocalPosition: {x: 0, y: -0.00005537175, z: 0}
  m_LocalScale: {x: 1.2831473, y: 1.2831464, z: 1.2831464}
  m_Children: []
  m_Father: {fileID: 4361727485593982}
  m_RootOrder: 0
  m_LocalEulerAnglesHint: {x: 0, y: 0, z: 0}
--- !u!4 &4441948383473770
Transform:
  m_ObjectHideFlags: 1
  m_PrefabParentObject: {fileID: 0}
  m_PrefabInternal: {fileID: 100100000}
  m_GameObject: {fileID: 1078355764251854}
  m_LocalRotation: {x: 0, y: 0, z: 0, w: 1}
  m_LocalPosition: {x: 9.45, y: -2.43, z: 0}
  m_LocalScale: {x: 8.926266, y: 8.926273, z: 8.926273}
  m_Children:
  - {fileID: 4921580293304490}
  m_Father: {fileID: 4361727485593982}
  m_RootOrder: 1
  m_LocalEulerAnglesHint: {x: 0, y: 0, z: 0}
--- !u!4 &4453631688910220
Transform:
  m_ObjectHideFlags: 1
  m_PrefabParentObject: {fileID: 0}
  m_PrefabInternal: {fileID: 100100000}
  m_GameObject: {fileID: 1701115955900478}
  m_LocalRotation: {x: -0, y: -0, z: -0, w: 1}
  m_LocalPosition: {x: 21.47107, y: -11.730499, z: 0}
  m_LocalScale: {x: 42.973286, y: 5.8968625, z: 5.8968625}
  m_Children: []
  m_Father: {fileID: 4211639521869888}
  m_RootOrder: 1
  m_LocalEulerAnglesHint: {x: 0, y: 0, z: 0}
--- !u!4 &4495903545898334
Transform:
  m_ObjectHideFlags: 1
  m_PrefabParentObject: {fileID: 0}
  m_PrefabInternal: {fileID: 100100000}
  m_GameObject: {fileID: 1928486979617048}
  m_LocalRotation: {x: -0, y: -0, z: -0, w: 1}
  m_LocalPosition: {x: -2.43, y: -9.45, z: 0}
  m_LocalScale: {x: 8.926265, y: 8.926283, z: 8.926283}
  m_Children:
  - {fileID: 4540703255721718}
  m_Father: {fileID: 4346246037799728}
  m_RootOrder: 2
  m_LocalEulerAnglesHint: {x: 0, y: 0, z: 0}
--- !u!4 &4540703255721718
Transform:
  m_ObjectHideFlags: 1
  m_PrefabParentObject: {fileID: 0}
  m_PrefabInternal: {fileID: 100100000}
  m_GameObject: {fileID: 1039909548251040}
  m_LocalRotation: {x: 0, y: 0, z: 0, w: 1}
  m_LocalPosition: {x: 0, y: 0, z: 0}
  m_LocalScale: {x: 0.20494848, y: 0.20494848, z: 0}
  m_Children: []
  m_Father: {fileID: 4495903545898334}
  m_RootOrder: 0
  m_LocalEulerAnglesHint: {x: 0, y: 0, z: 0}
--- !u!4 &4643269668642358
Transform:
  m_ObjectHideFlags: 1
  m_PrefabParentObject: {fileID: 0}
  m_PrefabInternal: {fileID: 100100000}
  m_GameObject: {fileID: 1978890736170736}
  m_LocalRotation: {x: 0, y: 0, z: 0, w: 1}
  m_LocalPosition: {x: 0, y: 0, z: 0}
  m_LocalScale: {x: 0.20494848, y: 0.20494848, z: 0}
  m_Children: []
  m_Father: {fileID: 4093031514043164}
  m_RootOrder: 0
  m_LocalEulerAnglesHint: {x: 0, y: 0, z: 0}
--- !u!4 &4654988817202544
Transform:
  m_ObjectHideFlags: 1
  m_PrefabParentObject: {fileID: 0}
  m_PrefabInternal: {fileID: 100100000}
  m_GameObject: {fileID: 1367690031445258}
  m_LocalRotation: {x: 0, y: 0, z: 0, w: 1}
  m_LocalPosition: {x: 0, y: -0.00005537175, z: 0}
  m_LocalScale: {x: 1.2831473, y: 1.2831464, z: 1.2831464}
  m_Children: []
  m_Father: {fileID: 4941818354287330}
  m_RootOrder: 0
  m_LocalEulerAnglesHint: {x: 0, y: 0, z: 0}
--- !u!4 &4716844979581236
Transform:
  m_ObjectHideFlags: 1
  m_PrefabParentObject: {fileID: 0}
  m_PrefabInternal: {fileID: 100100000}
  m_GameObject: {fileID: 1083510263594570}
  m_LocalRotation: {x: 0, y: 0, z: 0, w: 1}
  m_LocalPosition: {x: 0, y: 0, z: 0}
  m_LocalScale: {x: 0.20494848, y: 0.20494848, z: 0}
  m_Children: []
  m_Father: {fileID: 4013741496742754}
  m_RootOrder: 0
  m_LocalEulerAnglesHint: {x: 0, y: 0, z: 0}
--- !u!4 &4727264465757992
Transform:
  m_ObjectHideFlags: 1
  m_PrefabParentObject: {fileID: 0}
  m_PrefabInternal: {fileID: 100100000}
  m_GameObject: {fileID: 1001942909017564}
  m_LocalRotation: {x: 0, y: 0, z: 0, w: 1}
  m_LocalPosition: {x: 0, y: 0, z: 0}
  m_LocalScale: {x: 0.20494848, y: 0.20494848, z: 0}
  m_Children: []
  m_Father: {fileID: 4943384984271032}
  m_RootOrder: 0
  m_LocalEulerAnglesHint: {x: 0, y: 0, z: 0}
--- !u!4 &4829091155618490
Transform:
  m_ObjectHideFlags: 1
  m_PrefabParentObject: {fileID: 0}
  m_PrefabInternal: {fileID: 100100000}
  m_GameObject: {fileID: 1353931739615146}
  m_LocalRotation: {x: 0, y: 0, z: 0, w: 1}
  m_LocalPosition: {x: 0, y: 0, z: 0}
  m_LocalScale: {x: 0.20494848, y: 0.20494848, z: 0}
  m_Children: []
  m_Father: {fileID: 4130337214004198}
  m_RootOrder: 0
  m_LocalEulerAnglesHint: {x: 0, y: 0, z: 0}
--- !u!4 &4921580293304490
Transform:
  m_ObjectHideFlags: 1
  m_PrefabParentObject: {fileID: 0}
  m_PrefabInternal: {fileID: 100100000}
  m_GameObject: {fileID: 1126257264076990}
  m_LocalRotation: {x: 0, y: 0, z: 0, w: 1}
  m_LocalPosition: {x: 0, y: 0, z: 0}
  m_LocalScale: {x: 0.20494848, y: 0.20494848, z: 0}
  m_Children: []
  m_Father: {fileID: 4441948383473770}
  m_RootOrder: 0
  m_LocalEulerAnglesHint: {x: 0, y: 0, z: 0}
--- !u!4 &4931309298928672
Transform:
  m_ObjectHideFlags: 1
  m_PrefabParentObject: {fileID: 0}
  m_PrefabInternal: {fileID: 100100000}
  m_GameObject: {fileID: 1670523741451152}
  m_LocalRotation: {x: 0, y: 0, z: 0, w: 1}
  m_LocalPosition: {x: 0, y: 0, z: 0}
  m_LocalScale: {x: 0.20494848, y: 0.20494848, z: 0}
  m_Children: []
  m_Father: {fileID: 4978661723458404}
  m_RootOrder: 0
  m_LocalEulerAnglesHint: {x: 0, y: 0, z: 0}
--- !u!4 &4941818354287330
Transform:
  m_ObjectHideFlags: 1
  m_PrefabParentObject: {fileID: 0}
  m_PrefabInternal: {fileID: 100100000}
  m_GameObject: {fileID: 1107243948541276}
  m_LocalRotation: {x: -0, y: -0, z: -0, w: 1}
  m_LocalPosition: {x: 39.93, y: 2.95, z: 0}
  m_LocalScale: {x: 0.55114, y: 0.55114, z: 0.55114}
  m_Children:
  - {fileID: 4654988817202544}
  - {fileID: 4379555753348526}
  - {fileID: 4130337214004198}
  - {fileID: 4093031514043164}
  - {fileID: 4943384984271032}
  m_Father: {fileID: 4211639521869888}
  m_RootOrder: 3
  m_LocalEulerAnglesHint: {x: 0, y: 0, z: -0}
--- !u!4 &4943384984271032
Transform:
  m_ObjectHideFlags: 1
  m_PrefabParentObject: {fileID: 0}
  m_PrefabInternal: {fileID: 100100000}
  m_GameObject: {fileID: 1601039829158550}
  m_LocalRotation: {x: -0, y: -0, z: -0, w: 1}
  m_LocalPosition: {x: 2.43, y: 9.45, z: 0}
  m_LocalScale: {x: 8.926265, y: 8.926283, z: 8.926283}
  m_Children:
  - {fileID: 4727264465757992}
  m_Father: {fileID: 4941818354287330}
  m_RootOrder: 4
  m_LocalEulerAnglesHint: {x: 0, y: 0, z: 0}
--- !u!4 &4960505707773946
Transform:
  m_ObjectHideFlags: 1
  m_PrefabParentObject: {fileID: 0}
  m_PrefabInternal: {fileID: 100100000}
  m_GameObject: {fileID: 1086177189722876}
  m_LocalRotation: {x: 0, y: 0, z: 0, w: 1}
  m_LocalPosition: {x: 9.45, y: -2.43, z: 0}
  m_LocalScale: {x: 8.926266, y: 8.926273, z: 8.926273}
  m_Children:
  - {fileID: 4265344903019140}
  m_Father: {fileID: 4346246037799728}
  m_RootOrder: 1
  m_LocalEulerAnglesHint: {x: 0, y: 0, z: 0}
--- !u!4 &4978661723458404
Transform:
  m_ObjectHideFlags: 1
  m_PrefabParentObject: {fileID: 0}
  m_PrefabInternal: {fileID: 100100000}
  m_GameObject: {fileID: 1742505870818762}
  m_LocalRotation: {x: -0, y: -0, z: -0, w: 1}
  m_LocalPosition: {x: -9.45, y: 2.43, z: 0}
  m_LocalScale: {x: 8.926265, y: 8.926283, z: 8.926283}
  m_Children:
  - {fileID: 4931309298928672}
  m_Father: {fileID: 4361727485593982}
  m_RootOrder: 3
  m_LocalEulerAnglesHint: {x: 0, y: 0, z: 0}
--- !u!50 &50986844378566218
Rigidbody2D:
  serializedVersion: 4
  m_ObjectHideFlags: 1
  m_PrefabParentObject: {fileID: 0}
  m_PrefabInternal: {fileID: 100100000}
  m_GameObject: {fileID: 1701115955900478}
  m_BodyType: 0
  m_Simulated: 1
  m_UseFullKinematicContacts: 0
  m_UseAutoMass: 0
  m_Mass: 0.0001
  m_LinearDrag: 0
  m_AngularDrag: 0
  m_GravityScale: 0
  m_Material: {fileID: 0}
  m_Interpolate: 0
  m_SleepingMode: 1
  m_CollisionDetection: 0
  m_Constraints: 4
--- !u!61 &61040172999523302
BoxCollider2D:
  m_ObjectHideFlags: 1
  m_PrefabParentObject: {fileID: 0}
  m_PrefabInternal: {fileID: 100100000}
  m_GameObject: {fileID: 1699095729471136}
  m_Enabled: 1
  m_Density: 1
  m_Material: {fileID: 0}
  m_IsTrigger: 0
  m_UsedByEffector: 0
  m_Offset: {x: 0.0029487594, y: -0.0049303537}
  serializedVersion: 2
  m_Size: {x: 1.0192335, y: 0.16869742}
--- !u!61 &61050165882748210
BoxCollider2D:
  m_ObjectHideFlags: 1
  m_PrefabParentObject: {fileID: 0}
  m_PrefabInternal: {fileID: 100100000}
  m_GameObject: {fileID: 1928486979617048}
  m_Enabled: 1
  m_Density: 1
  m_Material: {fileID: 0}
  m_IsTrigger: 0
  m_UsedByEffector: 0
  m_Offset: {x: 0.0029487594, y: -0.0049303537}
  serializedVersion: 2
  m_Size: {x: 1.0192335, y: 0.16869742}
--- !u!61 &61115225358871978
BoxCollider2D:
  m_ObjectHideFlags: 1
  m_PrefabParentObject: {fileID: 0}
  m_PrefabInternal: {fileID: 100100000}
  m_GameObject: {fileID: 1898637931184794}
  m_Enabled: 1
  m_Density: 1
  m_Material: {fileID: 0}
  m_IsTrigger: 0
  m_UsedByEffector: 0
  m_Offset: {x: 0.0029487594, y: -0.0049303537}
  serializedVersion: 2
  m_Size: {x: 1.0192335, y: 0.16869742}
--- !u!61 &61115514265885264
BoxCollider2D:
  m_ObjectHideFlags: 1
  m_PrefabParentObject: {fileID: 0}
  m_PrefabInternal: {fileID: 100100000}
  m_GameObject: {fileID: 1476955475013082}
  m_Enabled: 1
  m_Density: 1
  m_Material: {fileID: 0}
  m_IsTrigger: 0
  m_UsedByEffector: 0
  m_Offset: {x: 0.0029487594, y: -0.0049303537}
  serializedVersion: 2
  m_Size: {x: 1.0192335, y: 0.16869742}
--- !u!61 &61143829966702238
BoxCollider2D:
  m_ObjectHideFlags: 1
  m_PrefabParentObject: {fileID: 0}
  m_PrefabInternal: {fileID: 100100000}
  m_GameObject: {fileID: 1078355764251854}
  m_Enabled: 1
  m_Density: 1
  m_Material: {fileID: 0}
  m_IsTrigger: 0
  m_UsedByEffector: 0
  m_Offset: {x: 0.0029487594, y: -0.0049303537}
  serializedVersion: 2
  m_Size: {x: 1.0192335, y: 0.16869742}
--- !u!61 &61237299709687254
BoxCollider2D:
  m_ObjectHideFlags: 1
  m_PrefabParentObject: {fileID: 0}
  m_PrefabInternal: {fileID: 100100000}
  m_GameObject: {fileID: 1192768692451902}
  m_Enabled: 1
  m_Density: 1
  m_Material: {fileID: 0}
  m_IsTrigger: 0
  m_UsedByEffector: 0
  m_Offset: {x: 0.0029487594, y: -0.0049303537}
  serializedVersion: 2
  m_Size: {x: 1.0192335, y: 0.16869742}
--- !u!61 &61349830607525928
BoxCollider2D:
  m_ObjectHideFlags: 1
  m_PrefabParentObject: {fileID: 0}
  m_PrefabInternal: {fileID: 100100000}
  m_GameObject: {fileID: 1024650438137144}
  m_Enabled: 1
  m_Density: 1
  m_Material: {fileID: 0}
  m_IsTrigger: 0
  m_UsedByEffector: 0
  m_Offset: {x: 0.0029487594, y: -0.0049303537}
  serializedVersion: 2
  m_Size: {x: 1.0192335, y: 0.16869742}
--- !u!61 &61354716306613376
BoxCollider2D:
  m_ObjectHideFlags: 1
  m_PrefabParentObject: {fileID: 0}
  m_PrefabInternal: {fileID: 100100000}
  m_GameObject: {fileID: 1686439228177412}
  m_Enabled: 1
  m_Density: 1
  m_Material: {fileID: 0}
  m_IsTrigger: 0
  m_UsedByEffector: 0
  m_Offset: {x: 0.0029487594, y: -0.0049303537}
  serializedVersion: 2
  m_Size: {x: 1.0192335, y: 0.16869742}
--- !u!61 &61449401629160500
BoxCollider2D:
  m_ObjectHideFlags: 1
  m_PrefabParentObject: {fileID: 0}
  m_PrefabInternal: {fileID: 100100000}
  m_GameObject: {fileID: 1601039829158550}
  m_Enabled: 1
  m_Density: 1
  m_Material: {fileID: 0}
  m_IsTrigger: 0
  m_UsedByEffector: 0
  m_Offset: {x: 0.0029487594, y: -0.0049303537}
  serializedVersion: 2
  m_Size: {x: 1.0192335, y: 0.16869742}
--- !u!61 &61527863657020498
BoxCollider2D:
  m_ObjectHideFlags: 1
  m_PrefabParentObject: {fileID: 0}
  m_PrefabInternal: {fileID: 100100000}
  m_GameObject: {fileID: 1742505870818762}
  m_Enabled: 1
  m_Density: 1
  m_Material: {fileID: 0}
  m_IsTrigger: 0
  m_UsedByEffector: 0
  m_Offset: {x: 0.0029487594, y: -0.0049303537}
  serializedVersion: 2
  m_Size: {x: 1.0192335, y: 0.16869742}
--- !u!61 &61703309463242506
BoxCollider2D:
  m_ObjectHideFlags: 1
  m_PrefabParentObject: {fileID: 0}
  m_PrefabInternal: {fileID: 100100000}
  m_GameObject: {fileID: 1701115955900478}
  m_Enabled: 1
  m_Density: 1
  m_Material: {fileID: 0}
  m_IsTrigger: 1
  m_UsedByEffector: 0
  m_Offset: {x: 0, y: 0}
  serializedVersion: 2
  m_Size: {x: 1, y: 1}
--- !u!61 &61873750339603112
BoxCollider2D:
  m_ObjectHideFlags: 1
  m_PrefabParentObject: {fileID: 0}
  m_PrefabInternal: {fileID: 100100000}
  m_GameObject: {fileID: 1086177189722876}
  m_Enabled: 1
  m_Density: 1
  m_Material: {fileID: 0}
  m_IsTrigger: 0
  m_UsedByEffector: 0
  m_Offset: {x: 0.0029487594, y: -0.0049303537}
  serializedVersion: 2
  m_Size: {x: 1.0192335, y: 0.16869742}
--- !u!61 &61878645921885330
BoxCollider2D:
  m_ObjectHideFlags: 1
  m_PrefabParentObject: {fileID: 0}
  m_PrefabInternal: {fileID: 100100000}
  m_GameObject: {fileID: 1514571008738646}
  m_Enabled: 1
  m_Density: 1
  m_Material: {fileID: 0}
  m_IsTrigger: 0
  m_UsedByEffector: 0
  m_Offset: {x: 0.0029487594, y: -0.0049303537}
  serializedVersion: 2
  m_Size: {x: 1.0192335, y: 0.16869742}
--- !u!114 &114025929620748468
MonoBehaviour:
  m_ObjectHideFlags: 1
  m_PrefabParentObject: {fileID: 0}
  m_PrefabInternal: {fileID: 100100000}
  m_GameObject: {fileID: 1514571008738646}
  m_Enabled: 1
  m_EditorHideFlags: 0
  m_Script: {fileID: 11500000, guid: 461f23a180cf3b0488f83a6109bcabe8, type: 3}
  m_Name: 
  m_EditorClassIdentifier: 
  collisionMask:
    serializedVersion: 2
    m_Bits: 4352
  collider: {fileID: 0}
  skinWidth: 0.015
  verticalRayCount: 4
  horizontalRayCount: 20
  horizontalRaySpacing: 2.56
  verticalRaySpacing: 0
  horizontalCol: 0
  verticalCol: 0
  passengerMask:
    serializedVersion: 2
    m_Bits: 1536
  mask:
    serializedVersion: 2
    m_Bits: 6144
  globalDirectionX: 0
  globalDirectionY: 0
  player: {fileID: 0}
  obstacle: {fileID: 114019317063105004, guid: 8fcb4883a3d6f8044993f1d9c88f5c5e, type: 2}
  colliding: 0
  controller: {fileID: 0}
--- !u!114 &114045112480104276
MonoBehaviour:
  m_ObjectHideFlags: 1
  m_PrefabParentObject: {fileID: 0}
  m_PrefabInternal: {fileID: 100100000}
  m_GameObject: {fileID: 1078355764251854}
  m_Enabled: 1
  m_EditorHideFlags: 0
  m_Script: {fileID: 11500000, guid: 4ce62fa071fee434090894ef74c3ca75, type: 3}
  m_Name: 
  m_EditorClassIdentifier: 
  controller: {fileID: 114944839032751410}
  velocity: {x: 0, y: 0}
  movingSpeed: 3
  Amplitude: 27.34
  diagonalamplitude: 0
  diagonalAmplitude: {x: 0, y: 0, z: 0}
  moveDirection: 3
  diagonalDirection: 0
  circlingDirection: 0
  diagonal: 0
  Sprite: {fileID: 1787137928307658}
  circleAngle: 0
  radius: 8.8
  circulationTime: 0
  radiantFrequency: 0
--- !u!114 &114098001199904802
MonoBehaviour:
  m_ObjectHideFlags: 1
  m_PrefabParentObject: {fileID: 0}
  m_PrefabInternal: {fileID: 100100000}
  m_GameObject: {fileID: 1742505870818762}
  m_Enabled: 1
  m_EditorHideFlags: 0
  m_Script: {fileID: 11500000, guid: 4ce62fa071fee434090894ef74c3ca75, type: 3}
  m_Name: 
  m_EditorClassIdentifier: 
  controller: {fileID: 114457422697523160}
  velocity: {x: 0, y: 0}
  movingSpeed: 3
  Amplitude: 27.34
  diagonalamplitude: 0
  diagonalAmplitude: {x: 0, y: 0, z: 0}
  moveDirection: 3
  diagonalDirection: 0
  circlingDirection: 0
  diagonal: 0
  Sprite: {fileID: 1787137928307658}
  circleAngle: 0
  radius: 8.8
  circulationTime: 0
  radiantFrequency: 0
--- !u!114 &114100671094778164
MonoBehaviour:
  m_ObjectHideFlags: 1
  m_PrefabParentObject: {fileID: 0}
  m_PrefabInternal: {fileID: 100100000}
  m_GameObject: {fileID: 1127799381301728}
  m_Enabled: 1
  m_EditorHideFlags: 0
  m_Script: {fileID: 11500000, guid: 09c2d1d1bfa53504cb84995338f662a7, type: 3}
  m_Name: 
  m_EditorClassIdentifier: 
  Child: {fileID: 1086177189722876}
  angle: 0
  rot: {x: 0, y: 0, z: 0, w: 0}
  counterclockwise: 0
--- !u!114 &114113544150049986
MonoBehaviour:
  m_ObjectHideFlags: 1
  m_PrefabParentObject: {fileID: 0}
  m_PrefabInternal: {fileID: 100100000}
  m_GameObject: {fileID: 1192768692451902}
  m_Enabled: 1
  m_EditorHideFlags: 0
  m_Script: {fileID: 11500000, guid: 4ce62fa071fee434090894ef74c3ca75, type: 3}
  m_Name: 
  m_EditorClassIdentifier: 
  controller: {fileID: 114796190923201090}
  velocity: {x: 0, y: 0}
  movingSpeed: 3
  Amplitude: 27.34
  diagonalamplitude: 0
  diagonalAmplitude: {x: 0, y: 0, z: 0}
  moveDirection: 3
  diagonalDirection: 0
  circlingDirection: 0
  diagonal: 0
  Sprite: {fileID: 1787137928307658}
  circleAngle: 0
  radius: 8.8
  circulationTime: 0
  radiantFrequency: 0
--- !u!114 &114115974341717942
MonoBehaviour:
  m_ObjectHideFlags: 1
  m_PrefabParentObject: {fileID: 0}
  m_PrefabInternal: {fileID: 100100000}
  m_GameObject: {fileID: 1699095729471136}
  m_Enabled: 1
  m_EditorHideFlags: 0
  m_Script: {fileID: 11500000, guid: 4ce62fa071fee434090894ef74c3ca75, type: 3}
  m_Name: 
  m_EditorClassIdentifier: 
  controller: {fileID: 114761573230075296}
  velocity: {x: 0, y: 0}
  movingSpeed: 3
  Amplitude: 27.34
  diagonalamplitude: 0
  diagonalAmplitude: {x: 0, y: 0, z: 0}
  moveDirection: 3
  diagonalDirection: 0
  circlingDirection: 1
  diagonal: 0
  Sprite: {fileID: 1827968927578998}
  circleAngle: 0
  radius: 8.8
  circulationTime: 0
  radiantFrequency: 0
--- !u!114 &114219983203528512
MonoBehaviour:
  m_ObjectHideFlags: 1
  m_PrefabParentObject: {fileID: 0}
  m_PrefabInternal: {fileID: 100100000}
  m_GameObject: {fileID: 1514571008738646}
  m_Enabled: 1
  m_EditorHideFlags: 0
  m_Script: {fileID: 11500000, guid: 4ce62fa071fee434090894ef74c3ca75, type: 3}
  m_Name: 
  m_EditorClassIdentifier: 
  controller: {fileID: 114025929620748468}
  velocity: {x: 0, y: 0}
  movingSpeed: 3
  Amplitude: 27.34
  diagonalamplitude: 0
  diagonalAmplitude: {x: 0, y: 0, z: 0}
  moveDirection: 3
  diagonalDirection: 0
  circlingDirection: 1
  diagonal: 0
  Sprite: {fileID: 1827968927578998}
  circleAngle: 0
  radius: 8.8
  circulationTime: 0
  radiantFrequency: 0
--- !u!114 &114290518246168972
MonoBehaviour:
  m_ObjectHideFlags: 1
  m_PrefabParentObject: {fileID: 0}
  m_PrefabInternal: {fileID: 100100000}
  m_GameObject: {fileID: 1476955475013082}
  m_Enabled: 1
  m_EditorHideFlags: 0
  m_Script: {fileID: 11500000, guid: 461f23a180cf3b0488f83a6109bcabe8, type: 3}
  m_Name: 
  m_EditorClassIdentifier: 
  collisionMask:
    serializedVersion: 2
    m_Bits: 4352
  collider: {fileID: 0}
  skinWidth: 0.015
  verticalRayCount: 4
  horizontalRayCount: 20
  horizontalRaySpacing: 2.56
  verticalRaySpacing: 0
  horizontalCol: 0
  verticalCol: 0
  passengerMask:
    serializedVersion: 2
    m_Bits: 1536
  mask:
    serializedVersion: 2
    m_Bits: 6144
  globalDirectionX: 0
  globalDirectionY: 0
  player: {fileID: 0}
  obstacle: {fileID: 114019317063105004, guid: 8fcb4883a3d6f8044993f1d9c88f5c5e, type: 2}
  colliding: 0
  controller: {fileID: 0}
--- !u!114 &114294219008049596
MonoBehaviour:
  m_ObjectHideFlags: 1
  m_PrefabParentObject: {fileID: 0}
  m_PrefabInternal: {fileID: 100100000}
  m_GameObject: {fileID: 1476955475013082}
  m_Enabled: 1
  m_EditorHideFlags: 0
  m_Script: {fileID: 11500000, guid: 4ce62fa071fee434090894ef74c3ca75, type: 3}
  m_Name: 
  m_EditorClassIdentifier: 
  controller: {fileID: 114290518246168972}
  velocity: {x: 0, y: 0}
  movingSpeed: 3
  Amplitude: 27.34
  diagonalamplitude: 0
  diagonalAmplitude: {x: 0, y: 0, z: 0}
  moveDirection: 3
  diagonalDirection: 0
  circlingDirection: 1
  diagonal: 0
  Sprite: {fileID: 1107243948541276}
  circleAngle: 0
  radius: 8.8
  circulationTime: 0
  radiantFrequency: 0
--- !u!114 &114298131045971290
MonoBehaviour:
  m_ObjectHideFlags: 1
  m_PrefabParentObject: {fileID: 0}
  m_PrefabInternal: {fileID: 100100000}
  m_GameObject: {fileID: 1601039829158550}
  m_Enabled: 1
  m_EditorHideFlags: 0
  m_Script: {fileID: 11500000, guid: 4ce62fa071fee434090894ef74c3ca75, type: 3}
  m_Name: 
  m_EditorClassIdentifier: 
  controller: {fileID: 114600465693562526}
  velocity: {x: 0, y: 0}
  movingSpeed: 3
  Amplitude: 27.34
  diagonalamplitude: 0
  diagonalAmplitude: {x: 0, y: 0, z: 0}
  moveDirection: 3
  diagonalDirection: 0
  circlingDirection: 1
  diagonal: 0
  Sprite: {fileID: 1107243948541276}
  circleAngle: 0
  radius: 8.8
  circulationTime: 0
  radiantFrequency: 0
--- !u!114 &114332862575025424
MonoBehaviour:
  m_ObjectHideFlags: 1
  m_PrefabParentObject: {fileID: 0}
  m_PrefabInternal: {fileID: 100100000}
  m_GameObject: {fileID: 1686439228177412}
  m_Enabled: 1
  m_EditorHideFlags: 0
  m_Script: {fileID: 11500000, guid: 461f23a180cf3b0488f83a6109bcabe8, type: 3}
  m_Name: 
  m_EditorClassIdentifier: 
  collisionMask:
    serializedVersion: 2
    m_Bits: 4352
  collider: {fileID: 0}
  skinWidth: 0.015
  verticalRayCount: 4
  horizontalRayCount: 20
  horizontalRaySpacing: 2.56
  verticalRaySpacing: 0
  horizontalCol: 0
  verticalCol: 0
  passengerMask:
    serializedVersion: 2
    m_Bits: 1536
  mask:
    serializedVersion: 2
    m_Bits: 6144
  globalDirectionX: 0
  globalDirectionY: 0
  player: {fileID: 0}
  obstacle: {fileID: 114019317063105004, guid: 8fcb4883a3d6f8044993f1d9c88f5c5e, type: 2}
  colliding: 0
  controller: {fileID: 0}
--- !u!114 &114457422697523160
MonoBehaviour:
  m_ObjectHideFlags: 1
  m_PrefabParentObject: {fileID: 0}
  m_PrefabInternal: {fileID: 100100000}
  m_GameObject: {fileID: 1742505870818762}
  m_Enabled: 1
  m_EditorHideFlags: 0
  m_Script: {fileID: 11500000, guid: 461f23a180cf3b0488f83a6109bcabe8, type: 3}
  m_Name: 
  m_EditorClassIdentifier: 
  collisionMask:
    serializedVersion: 2
    m_Bits: 4352
  collider: {fileID: 0}
  skinWidth: 0.015
  verticalRayCount: 4
  horizontalRayCount: 20
  horizontalRaySpacing: 2.56
  verticalRaySpacing: 0
  horizontalCol: 0
  verticalCol: 0
  passengerMask:
    serializedVersion: 2
    m_Bits: 1536
  mask:
    serializedVersion: 2
    m_Bits: 6144
  globalDirectionX: 0
  globalDirectionY: 0
  player: {fileID: 0}
  obstacle: {fileID: 114019317063105004, guid: 8fcb4883a3d6f8044993f1d9c88f5c5e, type: 2}
  colliding: 0
  controller: {fileID: 0}
--- !u!114 &114514676725682854
MonoBehaviour:
  m_ObjectHideFlags: 1
  m_PrefabParentObject: {fileID: 0}
  m_PrefabInternal: {fileID: 100100000}
  m_GameObject: {fileID: 1086177189722876}
  m_Enabled: 1
  m_EditorHideFlags: 0
  m_Script: {fileID: 11500000, guid: 461f23a180cf3b0488f83a6109bcabe8, type: 3}
  m_Name: 
  m_EditorClassIdentifier: 
  collisionMask:
    serializedVersion: 2
    m_Bits: 4352
  collider: {fileID: 0}
  skinWidth: 0.015
  verticalRayCount: 4
  horizontalRayCount: 20
  horizontalRaySpacing: 2.56
  verticalRaySpacing: 0
  horizontalCol: 0
  verticalCol: 0
  passengerMask:
    serializedVersion: 2
    m_Bits: 1536
  mask:
    serializedVersion: 2
    m_Bits: 6144
  globalDirectionX: 0
  globalDirectionY: 0
  player: {fileID: 0}
  obstacle: {fileID: 114019317063105004, guid: 8fcb4883a3d6f8044993f1d9c88f5c5e, type: 2}
  colliding: 0
  controller: {fileID: 0}
--- !u!114 &114517897541832166
MonoBehaviour:
  m_ObjectHideFlags: 1
  m_PrefabParentObject: {fileID: 0}
  m_PrefabInternal: {fileID: 100100000}
  m_GameObject: {fileID: 1024650438137144}
  m_Enabled: 1
  m_EditorHideFlags: 0
  m_Script: {fileID: 11500000, guid: 4ce62fa071fee434090894ef74c3ca75, type: 3}
  m_Name: 
  m_EditorClassIdentifier: 
  controller: {fileID: 114650629853262088}
  velocity: {x: 0, y: 0}
  movingSpeed: 3
  Amplitude: 27.34
  diagonalamplitude: 0
  diagonalAmplitude: {x: 0, y: 0, z: 0}
  moveDirection: 3
  diagonalDirection: 0
  circlingDirection: 0
  diagonal: 0
  Sprite: {fileID: 1787137928307658}
  circleAngle: 0
  radius: 8.8
  circulationTime: 0
  radiantFrequency: 0
--- !u!114 &114600465693562526
MonoBehaviour:
  m_ObjectHideFlags: 1
  m_PrefabParentObject: {fileID: 0}
  m_PrefabInternal: {fileID: 100100000}
  m_GameObject: {fileID: 1601039829158550}
  m_Enabled: 1
  m_EditorHideFlags: 0
  m_Script: {fileID: 11500000, guid: 461f23a180cf3b0488f83a6109bcabe8, type: 3}
  m_Name: 
  m_EditorClassIdentifier: 
  collisionMask:
    serializedVersion: 2
    m_Bits: 4352
  collider: {fileID: 0}
  skinWidth: 0.015
  verticalRayCount: 4
  horizontalRayCount: 20
  horizontalRaySpacing: 2.56
  verticalRaySpacing: 0
  horizontalCol: 0
  verticalCol: 0
  passengerMask:
    serializedVersion: 2
    m_Bits: 1536
  mask:
    serializedVersion: 2
    m_Bits: 6144
  globalDirectionX: 0
  globalDirectionY: 0
  player: {fileID: 0}
  obstacle: {fileID: 114019317063105004, guid: 8fcb4883a3d6f8044993f1d9c88f5c5e, type: 2}
  colliding: 0
  controller: {fileID: 0}
--- !u!114 &114650629853262088
MonoBehaviour:
  m_ObjectHideFlags: 1
  m_PrefabParentObject: {fileID: 0}
  m_PrefabInternal: {fileID: 100100000}
  m_GameObject: {fileID: 1024650438137144}
  m_Enabled: 1
  m_EditorHideFlags: 0
  m_Script: {fileID: 11500000, guid: 461f23a180cf3b0488f83a6109bcabe8, type: 3}
  m_Name: 
  m_EditorClassIdentifier: 
  collisionMask:
    serializedVersion: 2
    m_Bits: 4352
  collider: {fileID: 0}
  skinWidth: 0.015
  verticalRayCount: 4
  horizontalRayCount: 20
  horizontalRaySpacing: 2.56
  verticalRaySpacing: 0
  horizontalCol: 0
  verticalCol: 0
  passengerMask:
    serializedVersion: 2
    m_Bits: 1536
  mask:
    serializedVersion: 2
    m_Bits: 6144
  globalDirectionX: 0
  globalDirectionY: 0
  player: {fileID: 0}
  obstacle: {fileID: 114019317063105004, guid: 8fcb4883a3d6f8044993f1d9c88f5c5e, type: 2}
  colliding: 0
  controller: {fileID: 0}
--- !u!114 &114738743980116584
MonoBehaviour:
  m_ObjectHideFlags: 1
  m_PrefabParentObject: {fileID: 0}
  m_PrefabInternal: {fileID: 100100000}
  m_GameObject: {fileID: 1898637931184794}
  m_Enabled: 1
  m_EditorHideFlags: 0
  m_Script: {fileID: 11500000, guid: 461f23a180cf3b0488f83a6109bcabe8, type: 3}
  m_Name: 
  m_EditorClassIdentifier: 
  collisionMask:
    serializedVersion: 2
    m_Bits: 4352
  collider: {fileID: 0}
  skinWidth: 0.015
  verticalRayCount: 4
  horizontalRayCount: 20
  horizontalRaySpacing: 2.56
  verticalRaySpacing: 0
  horizontalCol: 0
  verticalCol: 0
  passengerMask:
    serializedVersion: 2
    m_Bits: 1536
  mask:
    serializedVersion: 2
    m_Bits: 6144
  globalDirectionX: 0
  globalDirectionY: 0
  player: {fileID: 0}
  obstacle: {fileID: 114019317063105004, guid: 8fcb4883a3d6f8044993f1d9c88f5c5e, type: 2}
  colliding: 0
  controller: {fileID: 0}
--- !u!114 &114761573230075296
MonoBehaviour:
  m_ObjectHideFlags: 1
  m_PrefabParentObject: {fileID: 0}
  m_PrefabInternal: {fileID: 100100000}
  m_GameObject: {fileID: 1699095729471136}
  m_Enabled: 1
  m_EditorHideFlags: 0
  m_Script: {fileID: 11500000, guid: 461f23a180cf3b0488f83a6109bcabe8, type: 3}
  m_Name: 
  m_EditorClassIdentifier: 
  collisionMask:
    serializedVersion: 2
    m_Bits: 4352
  collider: {fileID: 0}
  skinWidth: 0.015
  verticalRayCount: 4
  horizontalRayCount: 20
  horizontalRaySpacing: 2.56
  verticalRaySpacing: 0
  horizontalCol: 0
  verticalCol: 0
  passengerMask:
    serializedVersion: 2
    m_Bits: 1536
  mask:
    serializedVersion: 2
    m_Bits: 6144
  globalDirectionX: 0
  globalDirectionY: 0
  player: {fileID: 0}
  obstacle: {fileID: 114019317063105004, guid: 8fcb4883a3d6f8044993f1d9c88f5c5e, type: 2}
  colliding: 0
  controller: {fileID: 0}
--- !u!114 &114765722902964350
MonoBehaviour:
  m_ObjectHideFlags: 1
  m_PrefabParentObject: {fileID: 0}
  m_PrefabInternal: {fileID: 100100000}
  m_GameObject: {fileID: 1086177189722876}
  m_Enabled: 1
  m_EditorHideFlags: 0
  m_Script: {fileID: 11500000, guid: 4ce62fa071fee434090894ef74c3ca75, type: 3}
  m_Name: 
  m_EditorClassIdentifier: 
  controller: {fileID: 114514676725682854}
  velocity: {x: 0, y: 0}
  movingSpeed: 3
  Amplitude: 27.34
  diagonalamplitude: 0
  diagonalAmplitude: {x: 0, y: 0, z: 0}
  moveDirection: 3
  diagonalDirection: 0
  circlingDirection: 1
  diagonal: 0
  Sprite: {fileID: 1827968927578998}
  circleAngle: 0
  radius: 8.8
  circulationTime: 0
  radiantFrequency: 0
--- !u!114 &114783556679320686
MonoBehaviour:
  m_ObjectHideFlags: 1
  m_PrefabParentObject: {fileID: 0}
  m_PrefabInternal: {fileID: 100100000}
  m_GameObject: {fileID: 1928486979617048}
  m_Enabled: 1
  m_EditorHideFlags: 0
  m_Script: {fileID: 11500000, guid: 4ce62fa071fee434090894ef74c3ca75, type: 3}
  m_Name: 
  m_EditorClassIdentifier: 
  controller: {fileID: 114980081760923356}
  velocity: {x: 0, y: 0}
  movingSpeed: 3
  Amplitude: 27.34
  diagonalamplitude: 0
  diagonalAmplitude: {x: 0, y: 0, z: 0}
  moveDirection: 3
  diagonalDirection: 0
  circlingDirection: 1
  diagonal: 0
  Sprite: {fileID: 1827968927578998}
  circleAngle: 0
  radius: 8.8
  circulationTime: 0
  radiantFrequency: 0
--- !u!114 &114796190923201090
MonoBehaviour:
  m_ObjectHideFlags: 1
  m_PrefabParentObject: {fileID: 0}
  m_PrefabInternal: {fileID: 100100000}
  m_GameObject: {fileID: 1192768692451902}
  m_Enabled: 1
  m_EditorHideFlags: 0
  m_Script: {fileID: 11500000, guid: 461f23a180cf3b0488f83a6109bcabe8, type: 3}
  m_Name: 
  m_EditorClassIdentifier: 
  collisionMask:
    serializedVersion: 2
    m_Bits: 4352
  collider: {fileID: 0}
  skinWidth: 0.015
  verticalRayCount: 4
  horizontalRayCount: 20
  horizontalRaySpacing: 2.56
  verticalRaySpacing: 0
  horizontalCol: 0
  verticalCol: 0
  passengerMask:
    serializedVersion: 2
    m_Bits: 1536
  mask:
    serializedVersion: 2
    m_Bits: 6144
  globalDirectionX: 0
  globalDirectionY: 0
  player: {fileID: 0}
  obstacle: {fileID: 114019317063105004, guid: 8fcb4883a3d6f8044993f1d9c88f5c5e, type: 2}
  colliding: 0
  controller: {fileID: 0}
--- !u!114 &114829158444151906
MonoBehaviour:
  m_ObjectHideFlags: 1
  m_PrefabParentObject: {fileID: 0}
  m_PrefabInternal: {fileID: 100100000}
  m_GameObject: {fileID: 1367690031445258}
  m_Enabled: 1
  m_EditorHideFlags: 0
  m_Script: {fileID: 11500000, guid: 09c2d1d1bfa53504cb84995338f662a7, type: 3}
  m_Name: 
  m_EditorClassIdentifier: 
  Child: {fileID: 1686439228177412}
  angle: 0
  rot: {x: 0, y: 0, z: 0, w: 0}
  counterclockwise: 0
--- !u!114 &114872217528257926
MonoBehaviour:
  m_ObjectHideFlags: 1
  m_PrefabParentObject: {fileID: 0}
  m_PrefabInternal: {fileID: 100100000}
  m_GameObject: {fileID: 1184557256712222}
  m_Enabled: 1
  m_EditorHideFlags: 0
  m_Script: {fileID: 11500000, guid: 09c2d1d1bfa53504cb84995338f662a7, type: 3}
  m_Name: 
  m_EditorClassIdentifier: 
  Child: {fileID: 1078355764251854}
  angle: 0
  rot: {x: 0, y: 0, z: 0, w: 0}
  counterclockwise: 1
--- !u!114 &114892961148714858
MonoBehaviour:
  m_ObjectHideFlags: 1
  m_PrefabParentObject: {fileID: 0}
  m_PrefabInternal: {fileID: 100100000}
  m_GameObject: {fileID: 1898637931184794}
  m_Enabled: 1
  m_EditorHideFlags: 0
  m_Script: {fileID: 11500000, guid: 4ce62fa071fee434090894ef74c3ca75, type: 3}
  m_Name: 
  m_EditorClassIdentifier: 
  controller: {fileID: 114738743980116584}
  velocity: {x: 0, y: 0}
  movingSpeed: 3
  Amplitude: 27.34
  diagonalamplitude: 0
  diagonalAmplitude: {x: 0, y: 0, z: 0}
  moveDirection: 3
  diagonalDirection: 0
  circlingDirection: 1
  diagonal: 0
  Sprite: {fileID: 1107243948541276}
  circleAngle: 0
  radius: 8.8
  circulationTime: 0
  radiantFrequency: 0
--- !u!114 &114944839032751410
MonoBehaviour:
  m_ObjectHideFlags: 1
  m_PrefabParentObject: {fileID: 0}
  m_PrefabInternal: {fileID: 100100000}
  m_GameObject: {fileID: 1078355764251854}
  m_Enabled: 1
  m_EditorHideFlags: 0
  m_Script: {fileID: 11500000, guid: 461f23a180cf3b0488f83a6109bcabe8, type: 3}
  m_Name: 
  m_EditorClassIdentifier: 
  collisionMask:
    serializedVersion: 2
    m_Bits: 4352
  collider: {fileID: 0}
  skinWidth: 0.015
  verticalRayCount: 4
  horizontalRayCount: 20
  horizontalRaySpacing: 2.56
  verticalRaySpacing: 0
  horizontalCol: 0
  verticalCol: 0
  passengerMask:
    serializedVersion: 2
    m_Bits: 1536
  mask:
    serializedVersion: 2
    m_Bits: 6144
  globalDirectionX: 0
  globalDirectionY: 0
  player: {fileID: 0}
  obstacle: {fileID: 114019317063105004, guid: 8fcb4883a3d6f8044993f1d9c88f5c5e, type: 2}
  colliding: 0
  controller: {fileID: 0}
--- !u!114 &114951419569785710
MonoBehaviour:
  m_ObjectHideFlags: 1
  m_PrefabParentObject: {fileID: 0}
  m_PrefabInternal: {fileID: 100100000}
  m_GameObject: {fileID: 1686439228177412}
  m_Enabled: 1
  m_EditorHideFlags: 0
  m_Script: {fileID: 11500000, guid: 4ce62fa071fee434090894ef74c3ca75, type: 3}
  m_Name: 
  m_EditorClassIdentifier: 
  controller: {fileID: 114332862575025424}
  velocity: {x: 0, y: 0}
  movingSpeed: 3
  Amplitude: 27.34
  diagonalamplitude: 0
  diagonalAmplitude: {x: 0, y: 0, z: 0}
  moveDirection: 3
  diagonalDirection: 0
  circlingDirection: 1
  diagonal: 0
  Sprite: {fileID: 1107243948541276}
  circleAngle: 0
  radius: 8.8
  circulationTime: 0
  radiantFrequency: 0
--- !u!114 &114966648448564858
MonoBehaviour:
  m_ObjectHideFlags: 1
  m_PrefabParentObject: {fileID: 0}
  m_PrefabInternal: {fileID: 100100000}
  m_GameObject: {fileID: 1701115955900478}
  m_Enabled: 1
  m_EditorHideFlags: 0
  m_Script: {fileID: 11500000, guid: 232ff94eff9adaa429e54b6597af0dcb, type: 3}
  m_Name: 
  m_EditorClassIdentifier: 
  Destroyer:
    serializedVersion: 2
    m_Bits: 1536
  checkPoint: {fileID: 0}
--- !u!114 &114980081760923356
MonoBehaviour:
  m_ObjectHideFlags: 1
  m_PrefabParentObject: {fileID: 0}
  m_PrefabInternal: {fileID: 100100000}
  m_GameObject: {fileID: 1928486979617048}
  m_Enabled: 1
  m_EditorHideFlags: 0
  m_Script: {fileID: 11500000, guid: 461f23a180cf3b0488f83a6109bcabe8, type: 3}
  m_Name: 
  m_EditorClassIdentifier: 
  collisionMask:
    serializedVersion: 2
    m_Bits: 4352
  collider: {fileID: 0}
  skinWidth: 0.015
  verticalRayCount: 4
  horizontalRayCount: 20
  horizontalRaySpacing: 2.56
  verticalRaySpacing: 0
  horizontalCol: 0
  verticalCol: 0
  passengerMask:
    serializedVersion: 2
    m_Bits: 1536
  mask:
    serializedVersion: 2
    m_Bits: 6144
  globalDirectionX: 0
  globalDirectionY: 0
  player: {fileID: 0}
  obstacle: {fileID: 114019317063105004, guid: 8fcb4883a3d6f8044993f1d9c88f5c5e, type: 2}
  colliding: 0
  controller: {fileID: 0}
--- !u!212 &212019283791727148
SpriteRenderer:
  m_ObjectHideFlags: 1
  m_PrefabParentObject: {fileID: 0}
  m_PrefabInternal: {fileID: 100100000}
  m_GameObject: {fileID: 1353931739615146}
  m_Enabled: 1
  m_CastShadows: 0
  m_ReceiveShadows: 0
  m_MotionVectors: 1
  m_LightProbeUsage: 0
  m_ReflectionProbeUsage: 0
  m_Materials:
  - {fileID: 10754, guid: 0000000000000000f000000000000000, type: 0}
  m_StaticBatchInfo:
    firstSubMesh: 0
    subMeshCount: 0
  m_StaticBatchRoot: {fileID: 0}
  m_ProbeAnchor: {fileID: 0}
  m_LightProbeVolumeOverride: {fileID: 0}
  m_ScaleInLightmap: 1
  m_PreserveUVs: 0
  m_IgnoreNormalsForChartDetection: 0
  m_ImportantGI: 0
  m_SelectedEditorRenderState: 0
  m_MinimumChartSize: 4
  m_AutoUVMaxDistance: 0.5
  m_AutoUVMaxAngle: 89
  m_LightmapParameters: {fileID: 0}
  m_SortingLayerID: 0
  m_SortingOrder: 2
  m_Sprite: {fileID: 21300000, guid: 4bb1a0f24f0524242b82723cb9a1bef8, type: 3}
  m_Color: {r: 1, g: 1, b: 1, a: 1}
  m_FlipX: 0
  m_FlipY: 0
--- !u!212 &212046726238094578
SpriteRenderer:
  m_ObjectHideFlags: 1
  m_PrefabParentObject: {fileID: 0}
  m_PrefabInternal: {fileID: 100100000}
  m_GameObject: {fileID: 1184557256712222}
  m_Enabled: 1
  m_CastShadows: 0
  m_ReceiveShadows: 0
  m_MotionVectors: 1
  m_LightProbeUsage: 0
  m_ReflectionProbeUsage: 0
  m_Materials:
  - {fileID: 10754, guid: 0000000000000000f000000000000000, type: 0}
  m_StaticBatchInfo:
    firstSubMesh: 0
    subMeshCount: 0
  m_StaticBatchRoot: {fileID: 0}
  m_ProbeAnchor: {fileID: 0}
  m_LightProbeVolumeOverride: {fileID: 0}
  m_ScaleInLightmap: 1
  m_PreserveUVs: 0
  m_IgnoreNormalsForChartDetection: 0
  m_ImportantGI: 0
  m_SelectedEditorRenderState: 0
  m_MinimumChartSize: 4
  m_AutoUVMaxDistance: 0.5
  m_AutoUVMaxAngle: 89
  m_LightmapParameters: {fileID: 0}
  m_SortingLayerID: 0
  m_SortingOrder: -1
  m_Sprite: {fileID: 21300000, guid: 0e7a9ccc031cd9340ad5e57f4bf87f5b, type: 3}
  m_Color: {r: 1, g: 1, b: 1, a: 1}
  m_FlipX: 0
  m_FlipY: 0
--- !u!212 &212070835222857600
SpriteRenderer:
  m_ObjectHideFlags: 1
  m_PrefabParentObject: {fileID: 0}
  m_PrefabInternal: {fileID: 100100000}
  m_GameObject: {fileID: 1001942909017564}
  m_Enabled: 1
  m_CastShadows: 0
  m_ReceiveShadows: 0
  m_MotionVectors: 1
  m_LightProbeUsage: 0
  m_ReflectionProbeUsage: 0
  m_Materials:
  - {fileID: 10754, guid: 0000000000000000f000000000000000, type: 0}
  m_StaticBatchInfo:
    firstSubMesh: 0
    subMeshCount: 0
  m_StaticBatchRoot: {fileID: 0}
  m_ProbeAnchor: {fileID: 0}
  m_LightProbeVolumeOverride: {fileID: 0}
  m_ScaleInLightmap: 1
  m_PreserveUVs: 0
  m_IgnoreNormalsForChartDetection: 0
  m_ImportantGI: 0
  m_SelectedEditorRenderState: 0
  m_MinimumChartSize: 4
  m_AutoUVMaxDistance: 0.5
  m_AutoUVMaxAngle: 89
  m_LightmapParameters: {fileID: 0}
  m_SortingLayerID: 0
  m_SortingOrder: 2
  m_Sprite: {fileID: 21300000, guid: 4bb1a0f24f0524242b82723cb9a1bef8, type: 3}
  m_Color: {r: 1, g: 1, b: 1, a: 1}
  m_FlipX: 0
  m_FlipY: 0
--- !u!212 &212146407771809840
SpriteRenderer:
  m_ObjectHideFlags: 1
  m_PrefabParentObject: {fileID: 0}
  m_PrefabInternal: {fileID: 100100000}
  m_GameObject: {fileID: 1978890736170736}
  m_Enabled: 1
  m_CastShadows: 0
  m_ReceiveShadows: 0
  m_MotionVectors: 1
  m_LightProbeUsage: 0
  m_ReflectionProbeUsage: 0
  m_Materials:
  - {fileID: 10754, guid: 0000000000000000f000000000000000, type: 0}
  m_StaticBatchInfo:
    firstSubMesh: 0
    subMeshCount: 0
  m_StaticBatchRoot: {fileID: 0}
  m_ProbeAnchor: {fileID: 0}
  m_LightProbeVolumeOverride: {fileID: 0}
  m_ScaleInLightmap: 1
  m_PreserveUVs: 0
  m_IgnoreNormalsForChartDetection: 0
  m_ImportantGI: 0
  m_SelectedEditorRenderState: 0
  m_MinimumChartSize: 4
  m_AutoUVMaxDistance: 0.5
  m_AutoUVMaxAngle: 89
  m_LightmapParameters: {fileID: 0}
  m_SortingLayerID: 0
  m_SortingOrder: 2
  m_Sprite: {fileID: 21300000, guid: 4bb1a0f24f0524242b82723cb9a1bef8, type: 3}
  m_Color: {r: 1, g: 1, b: 1, a: 1}
  m_FlipX: 0
  m_FlipY: 0
--- !u!212 &212171239824370316
SpriteRenderer:
  m_ObjectHideFlags: 1
  m_PrefabParentObject: {fileID: 0}
  m_PrefabInternal: {fileID: 100100000}
  m_GameObject: {fileID: 1273481719332708}
  m_Enabled: 1
  m_CastShadows: 0
  m_ReceiveShadows: 0
  m_MotionVectors: 1
  m_LightProbeUsage: 0
  m_ReflectionProbeUsage: 0
  m_Materials:
  - {fileID: 10754, guid: 0000000000000000f000000000000000, type: 0}
  m_StaticBatchInfo:
    firstSubMesh: 0
    subMeshCount: 0
  m_StaticBatchRoot: {fileID: 0}
  m_ProbeAnchor: {fileID: 0}
  m_LightProbeVolumeOverride: {fileID: 0}
  m_ScaleInLightmap: 1
  m_PreserveUVs: 0
  m_IgnoreNormalsForChartDetection: 0
  m_ImportantGI: 0
  m_SelectedEditorRenderState: 0
  m_MinimumChartSize: 4
  m_AutoUVMaxDistance: 0.5
  m_AutoUVMaxAngle: 89
  m_LightmapParameters: {fileID: 0}
  m_SortingLayerID: 0
  m_SortingOrder: 2
  m_Sprite: {fileID: 21300000, guid: 4bb1a0f24f0524242b82723cb9a1bef8, type: 3}
  m_Color: {r: 1, g: 1, b: 1, a: 1}
  m_FlipX: 0
  m_FlipY: 0
--- !u!212 &212181133555808964
SpriteRenderer:
  m_ObjectHideFlags: 1
  m_PrefabParentObject: {fileID: 0}
  m_PrefabInternal: {fileID: 100100000}
  m_GameObject: {fileID: 1572171073447376}
  m_Enabled: 1
  m_CastShadows: 0
  m_ReceiveShadows: 0
  m_MotionVectors: 1
  m_LightProbeUsage: 0
  m_ReflectionProbeUsage: 0
  m_Materials:
  - {fileID: 10754, guid: 0000000000000000f000000000000000, type: 0}
  m_StaticBatchInfo:
    firstSubMesh: 0
    subMeshCount: 0
  m_StaticBatchRoot: {fileID: 0}
  m_ProbeAnchor: {fileID: 0}
  m_LightProbeVolumeOverride: {fileID: 0}
  m_ScaleInLightmap: 1
  m_PreserveUVs: 0
  m_IgnoreNormalsForChartDetection: 0
  m_ImportantGI: 0
  m_SelectedEditorRenderState: 0
  m_MinimumChartSize: 4
  m_AutoUVMaxDistance: 0.5
  m_AutoUVMaxAngle: 89
  m_LightmapParameters: {fileID: 0}
  m_SortingLayerID: 0
  m_SortingOrder: 2
  m_Sprite: {fileID: 21300000, guid: 4bb1a0f24f0524242b82723cb9a1bef8, type: 3}
  m_Color: {r: 1, g: 1, b: 1, a: 1}
  m_FlipX: 0
  m_FlipY: 0
--- !u!212 &212207101702193458
SpriteRenderer:
  m_ObjectHideFlags: 1
  m_PrefabParentObject: {fileID: 0}
  m_PrefabInternal: {fileID: 100100000}
  m_GameObject: {fileID: 1039909548251040}
  m_Enabled: 1
  m_CastShadows: 0
  m_ReceiveShadows: 0
  m_MotionVectors: 1
  m_LightProbeUsage: 0
  m_ReflectionProbeUsage: 0
  m_Materials:
  - {fileID: 10754, guid: 0000000000000000f000000000000000, type: 0}
  m_StaticBatchInfo:
    firstSubMesh: 0
    subMeshCount: 0
  m_StaticBatchRoot: {fileID: 0}
  m_ProbeAnchor: {fileID: 0}
  m_LightProbeVolumeOverride: {fileID: 0}
  m_ScaleInLightmap: 1
  m_PreserveUVs: 0
  m_IgnoreNormalsForChartDetection: 0
  m_ImportantGI: 0
  m_SelectedEditorRenderState: 0
  m_MinimumChartSize: 4
  m_AutoUVMaxDistance: 0.5
  m_AutoUVMaxAngle: 89
  m_LightmapParameters: {fileID: 0}
  m_SortingLayerID: 0
  m_SortingOrder: 2
  m_Sprite: {fileID: 21300000, guid: 4bb1a0f24f0524242b82723cb9a1bef8, type: 3}
  m_Color: {r: 1, g: 1, b: 1, a: 1}
  m_FlipX: 0
  m_FlipY: 0
--- !u!212 &212302433074224258
SpriteRenderer:
  m_ObjectHideFlags: 1
  m_PrefabParentObject: {fileID: 0}
  m_PrefabInternal: {fileID: 100100000}
  m_GameObject: {fileID: 1453152931896732}
  m_Enabled: 1
  m_CastShadows: 0
  m_ReceiveShadows: 0
  m_MotionVectors: 1
  m_LightProbeUsage: 0
  m_ReflectionProbeUsage: 0
  m_Materials:
  - {fileID: 10754, guid: 0000000000000000f000000000000000, type: 0}
  m_StaticBatchInfo:
    firstSubMesh: 0
    subMeshCount: 0
  m_StaticBatchRoot: {fileID: 0}
  m_ProbeAnchor: {fileID: 0}
  m_LightProbeVolumeOverride: {fileID: 0}
  m_ScaleInLightmap: 1
  m_PreserveUVs: 0
  m_IgnoreNormalsForChartDetection: 0
  m_ImportantGI: 0
  m_SelectedEditorRenderState: 0
  m_MinimumChartSize: 4
  m_AutoUVMaxDistance: 0.5
  m_AutoUVMaxAngle: 89
  m_LightmapParameters: {fileID: 0}
  m_SortingLayerID: 0
  m_SortingOrder: 2
  m_Sprite: {fileID: 21300000, guid: 4bb1a0f24f0524242b82723cb9a1bef8, type: 3}
  m_Color: {r: 1, g: 1, b: 1, a: 1}
  m_FlipX: 0
  m_FlipY: 0
--- !u!212 &212346474314434706
SpriteRenderer:
  m_ObjectHideFlags: 1
  m_PrefabParentObject: {fileID: 0}
  m_PrefabInternal: {fileID: 100100000}
  m_GameObject: {fileID: 1127799381301728}
  m_Enabled: 1
  m_CastShadows: 0
  m_ReceiveShadows: 0
  m_MotionVectors: 1
  m_LightProbeUsage: 0
  m_ReflectionProbeUsage: 0
  m_Materials:
  - {fileID: 10754, guid: 0000000000000000f000000000000000, type: 0}
  m_StaticBatchInfo:
    firstSubMesh: 0
    subMeshCount: 0
  m_StaticBatchRoot: {fileID: 0}
  m_ProbeAnchor: {fileID: 0}
  m_LightProbeVolumeOverride: {fileID: 0}
  m_ScaleInLightmap: 1
  m_PreserveUVs: 0
  m_IgnoreNormalsForChartDetection: 0
  m_ImportantGI: 0
  m_SelectedEditorRenderState: 0
  m_MinimumChartSize: 4
  m_AutoUVMaxDistance: 0.5
  m_AutoUVMaxAngle: 89
  m_LightmapParameters: {fileID: 0}
  m_SortingLayerID: 0
  m_SortingOrder: -1
  m_Sprite: {fileID: 21300000, guid: 0e7a9ccc031cd9340ad5e57f4bf87f5b, type: 3}
  m_Color: {r: 1, g: 1, b: 1, a: 1}
  m_FlipX: 0
  m_FlipY: 0
--- !u!212 &212554004753488856
SpriteRenderer:
  m_ObjectHideFlags: 1
  m_PrefabParentObject: {fileID: 0}
  m_PrefabInternal: {fileID: 100100000}
  m_GameObject: {fileID: 1862054774440794}
  m_Enabled: 1
  m_CastShadows: 0
  m_ReceiveShadows: 0
  m_MotionVectors: 1
  m_LightProbeUsage: 0
  m_ReflectionProbeUsage: 0
  m_Materials:
  - {fileID: 10754, guid: 0000000000000000f000000000000000, type: 0}
  m_StaticBatchInfo:
    firstSubMesh: 0
    subMeshCount: 0
  m_StaticBatchRoot: {fileID: 0}
  m_ProbeAnchor: {fileID: 0}
  m_LightProbeVolumeOverride: {fileID: 0}
  m_ScaleInLightmap: 1
  m_PreserveUVs: 0
  m_IgnoreNormalsForChartDetection: 0
  m_ImportantGI: 0
  m_SelectedEditorRenderState: 0
  m_MinimumChartSize: 4
  m_AutoUVMaxDistance: 0.5
  m_AutoUVMaxAngle: 89
  m_LightmapParameters: {fileID: 0}
  m_SortingLayerID: 0
  m_SortingOrder: 2
  m_Sprite: {fileID: 21300000, guid: 4bb1a0f24f0524242b82723cb9a1bef8, type: 3}
  m_Color: {r: 1, g: 1, b: 1, a: 1}
  m_FlipX: 0
  m_FlipY: 0
--- !u!212 &212591634908769858
SpriteRenderer:
  m_ObjectHideFlags: 1
  m_PrefabParentObject: {fileID: 0}
  m_PrefabInternal: {fileID: 100100000}
  m_GameObject: {fileID: 1367690031445258}
  m_Enabled: 1
  m_CastShadows: 0
  m_ReceiveShadows: 0
  m_MotionVectors: 1
  m_LightProbeUsage: 0
  m_ReflectionProbeUsage: 0
  m_Materials:
  - {fileID: 10754, guid: 0000000000000000f000000000000000, type: 0}
  m_StaticBatchInfo:
    firstSubMesh: 0
    subMeshCount: 0
  m_StaticBatchRoot: {fileID: 0}
  m_ProbeAnchor: {fileID: 0}
  m_LightProbeVolumeOverride: {fileID: 0}
  m_ScaleInLightmap: 1
  m_PreserveUVs: 0
  m_IgnoreNormalsForChartDetection: 0
  m_ImportantGI: 0
  m_SelectedEditorRenderState: 0
  m_MinimumChartSize: 4
  m_AutoUVMaxDistance: 0.5
  m_AutoUVMaxAngle: 89
  m_LightmapParameters: {fileID: 0}
  m_SortingLayerID: 0
  m_SortingOrder: -1
  m_Sprite: {fileID: 21300000, guid: 0e7a9ccc031cd9340ad5e57f4bf87f5b, type: 3}
  m_Color: {r: 1, g: 1, b: 1, a: 1}
  m_FlipX: 0
  m_FlipY: 0
--- !u!212 &212760407899228468
SpriteRenderer:
  m_ObjectHideFlags: 1
  m_PrefabParentObject: {fileID: 0}
  m_PrefabInternal: {fileID: 100100000}
  m_GameObject: {fileID: 1126257264076990}
  m_Enabled: 1
  m_CastShadows: 0
  m_ReceiveShadows: 0
  m_MotionVectors: 1
  m_LightProbeUsage: 0
  m_ReflectionProbeUsage: 0
  m_Materials:
  - {fileID: 10754, guid: 0000000000000000f000000000000000, type: 0}
  m_StaticBatchInfo:
    firstSubMesh: 0
    subMeshCount: 0
  m_StaticBatchRoot: {fileID: 0}
  m_ProbeAnchor: {fileID: 0}
  m_LightProbeVolumeOverride: {fileID: 0}
  m_ScaleInLightmap: 1
  m_PreserveUVs: 0
  m_IgnoreNormalsForChartDetection: 0
  m_ImportantGI: 0
  m_SelectedEditorRenderState: 0
  m_MinimumChartSize: 4
  m_AutoUVMaxDistance: 0.5
  m_AutoUVMaxAngle: 89
  m_LightmapParameters: {fileID: 0}
  m_SortingLayerID: 0
  m_SortingOrder: 2
  m_Sprite: {fileID: 21300000, guid: 4bb1a0f24f0524242b82723cb9a1bef8, type: 3}
  m_Color: {r: 1, g: 1, b: 1, a: 1}
  m_FlipX: 0
  m_FlipY: 0
--- !u!212 &212766776598792752
SpriteRenderer:
  m_ObjectHideFlags: 1
  m_PrefabParentObject: {fileID: 0}
  m_PrefabInternal: {fileID: 100100000}
  m_GameObject: {fileID: 1083510263594570}
  m_Enabled: 1
  m_CastShadows: 0
  m_ReceiveShadows: 0
  m_MotionVectors: 1
  m_LightProbeUsage: 0
  m_ReflectionProbeUsage: 0
  m_Materials:
  - {fileID: 10754, guid: 0000000000000000f000000000000000, type: 0}
  m_StaticBatchInfo:
    firstSubMesh: 0
    subMeshCount: 0
  m_StaticBatchRoot: {fileID: 0}
  m_ProbeAnchor: {fileID: 0}
  m_LightProbeVolumeOverride: {fileID: 0}
  m_ScaleInLightmap: 1
  m_PreserveUVs: 0
  m_IgnoreNormalsForChartDetection: 0
  m_ImportantGI: 0
  m_SelectedEditorRenderState: 0
  m_MinimumChartSize: 4
  m_AutoUVMaxDistance: 0.5
  m_AutoUVMaxAngle: 89
  m_LightmapParameters: {fileID: 0}
  m_SortingLayerID: 0
  m_SortingOrder: 2
  m_Sprite: {fileID: 21300000, guid: 4bb1a0f24f0524242b82723cb9a1bef8, type: 3}
  m_Color: {r: 1, g: 1, b: 1, a: 1}
  m_FlipX: 0
  m_FlipY: 0
--- !u!212 &212800264191138676
SpriteRenderer:
  m_ObjectHideFlags: 1
  m_PrefabParentObject: {fileID: 0}
  m_PrefabInternal: {fileID: 100100000}
  m_GameObject: {fileID: 1101321939262096}
  m_Enabled: 1
  m_CastShadows: 0
  m_ReceiveShadows: 0
  m_MotionVectors: 1
  m_LightProbeUsage: 0
  m_ReflectionProbeUsage: 0
  m_Materials:
  - {fileID: 10754, guid: 0000000000000000f000000000000000, type: 0}
  m_StaticBatchInfo:
    firstSubMesh: 0
    subMeshCount: 0
  m_StaticBatchRoot: {fileID: 0}
  m_ProbeAnchor: {fileID: 0}
  m_LightProbeVolumeOverride: {fileID: 0}
  m_ScaleInLightmap: 1
  m_PreserveUVs: 0
  m_IgnoreNormalsForChartDetection: 0
  m_ImportantGI: 0
  m_SelectedEditorRenderState: 0
  m_MinimumChartSize: 4
  m_AutoUVMaxDistance: 0.5
  m_AutoUVMaxAngle: 89
  m_LightmapParameters: {fileID: 0}
  m_SortingLayerID: 0
  m_SortingOrder: 2
  m_Sprite: {fileID: 21300000, guid: 4bb1a0f24f0524242b82723cb9a1bef8, type: 3}
  m_Color: {r: 1, g: 1, b: 1, a: 1}
  m_FlipX: 0
  m_FlipY: 0
--- !u!212 &212839259964594242
SpriteRenderer:
  m_ObjectHideFlags: 1
  m_PrefabParentObject: {fileID: 0}
  m_PrefabInternal: {fileID: 100100000}
  m_GameObject: {fileID: 1670523741451152}
  m_Enabled: 1
  m_CastShadows: 0
  m_ReceiveShadows: 0
  m_MotionVectors: 1
  m_LightProbeUsage: 0
  m_ReflectionProbeUsage: 0
  m_Materials:
  - {fileID: 10754, guid: 0000000000000000f000000000000000, type: 0}
  m_StaticBatchInfo:
    firstSubMesh: 0
    subMeshCount: 0
  m_StaticBatchRoot: {fileID: 0}
  m_ProbeAnchor: {fileID: 0}
  m_LightProbeVolumeOverride: {fileID: 0}
  m_ScaleInLightmap: 1
  m_PreserveUVs: 0
  m_IgnoreNormalsForChartDetection: 0
  m_ImportantGI: 0
  m_SelectedEditorRenderState: 0
  m_MinimumChartSize: 4
  m_AutoUVMaxDistance: 0.5
  m_AutoUVMaxAngle: 89
  m_LightmapParameters: {fileID: 0}
  m_SortingLayerID: 0
  m_SortingOrder: 2
  m_Sprite: {fileID: 21300000, guid: 4bb1a0f24f0524242b82723cb9a1bef8, type: 3}
  m_Color: {r: 1, g: 1, b: 1, a: 1}
  m_FlipX: 0
  m_FlipY: 0
